1773 2449
155 88 196 118 36
292 78 299 82 ’
809 100 831 122 s.
847 101 931 122 Linde.

153 182 220 209 tura
236 178 412 220 providerit'.
460 176 543 213 Quae
567 180 667 207 tamen
692 177 898 217 interpretatio
919 176 1014 215 magis
1043 176 1213 217 philosophi
1251 175 1369 216 propria
1404 179 1448 206 est
1479 186 1569 216 quam

153 236 283 267 hominis
308 235 449 277 simplicis
474 235 505 264 in
530 245 628 265 rerum
655 238 762 265 natura
786 234 1015 276 contemplanda
1040 234 1193 264 versantis.

246 294 374 325 Gemina
398 303 467 323 vero
491 292 581 323 facies
606 293 679 323 mihi
704 293 823 333 quidem
849 292 967 323 videtur
991 292 1090 332 imago
1110 302 1172 323 esse
1196 291 1416 333 simplicissima
1440 294 1469 321 et
1492 290 1570 321 anti-

153 352 297 392 quissima
321 351 366 381 dei
391 350 491 381 omnia
515 350 645 380 videntis
665 353 693 380 et
718 350 846 381 scientis.
894 350 972 380 Nam
998 349 1108 391 priscos
1133 349 1199 380 illos
1223 348 1465 381 hominesodeum
1489 348 1570 389 prin·
1613 366 1616 369 -

154 410 249 451 eipem
281 413 309 440 et
341 408 572 449 omnipotentem
597 412 626 438 ct
650 408 751 438 omnia
775 408 917 439 scientem
949 418 1011 439 esse
1035 407 1090 438 sibi
1116 407 1175 437 iam
1201 406 1378 448 persuasisse
1399 416 1436 437 ex
1454 405 1570 446 mytho-

156 467 235 508 logia
259 466 469 508 comparativa,
496 477 586 508 quam
623 471 740 505 vocant,
776 466 848 497 satis
884 465 1035 507 cognitum
1060 469 1103 496 est
1127 464 1184 504 (cfr
1208 464 1417 504 Darmesteter,
1442 463 1569 494 Ormazd

155 529 184 555 et
208 525 356 555 Ahriman
382 536 409 565 p.
436 525 477 554 28
502 529 531 555 et
557 526 600 555 50
624 529 653 555 et
678 524 786 554 librum
813 535 911 555 mcum
937 524 1039 563 Indog.
1066 524 1093 554 h.
1118 534 1145 563 g.
1170 534 1197 564 p.
1224 523 1275 562 32,
1300 523 1351 562 57,
1377 523 1440 561 68).

245 583 290 612 Ac
325 581 432 612 Graeci
468 592 584 623 quoque
620 582 707 612 deum
739 572 890 613 summum
926 582 1059 623 pluribus
1094 581 1187 612 oculis
1221 583 1374 619 ornarunt,
1395 590 1464 610 nam
1489 580 1571 618 Ζεὺς

156 641 289 678 κύκλωψ
314 640 361 670 vel
386 641 615 680 τριόφθαλμος
638 641 668 670 iu
694 640 803 671 fabulis
827 640 1010 680 Argivorum
1035 645 1279 670 commemoratur
1303 638 1430 679 (Mayer,
1454 637 1570 678 Gigan-

156 703 204 727 ten
229 707 255 726 u.
280 696 408 727 Titanen
434 708 459 737 p.
490 697 552 726 113
577 700 664 737 sqq.),
702 707 883 737 quamquam
911 701 940 727 et
967 708 985 727 a
1009 696 1200 738 scriptoribus
1224 700 1253 726 et
1274 697 1311 726 ab
1331 695 1493 728 artificibus
1509 699 1568 725 tres

156 755 200 785 illi
224 755 300 786 oeuli
325 754 402 785 male
426 758 496 785 sunt
520 754 662 785 intellecti
688 759 717 785 et
742 755 885 785 collocati.
934 754 1055 785 Tertius
1075 755 1154 785 enim
1179 754 1280 786 oculus
1304 753 1423 796 occipiti
1448 757 1492 784 est
1517 753 1569 784 tri-

156 812 296 851 buendus,
320 815 361 850 ut,
378 822 453 851 quae
479 816 579 852 postea
604 816 709 850 essent,
733 812 804 842 deus
829 812 938 841 intueri
958 816 1063 852 posset.
1112 812 1224 842 Eodem
1249 811 1334 842 modo
1350 811 1454 841 tertius
1467 810 1568 841 oculus

156 870 240 909 Argi,
277 857 325 900 Itis
361 869 499 907 custodis,
532 880 550 899 a
587 869 700 900 Iunone
730 870 759 899 iu
787 869 924 910 occipitio
949 869 1003 906 (cfr
1031 869 1137 910 Mayer
1165 869 1182 899 l.
1207 880 1230 899 c.
1256 880 1282 910 p.
1312 868 1387 908 115)
1412 868 1570 899 collocatus

156 927 370 958 existimandus
394 931 445 957 est.
491 926 599 957 Melius
623 927 713 957 etiam
738 911 865 957 Romani
892 927 932 957 rei
957 926 1168 957 consuluerunt
1193 926 1300 956 Ianum
1325 937 1383 956 non
1408 926 1501 957 solum
1527 925 1570 955 bi-

158 986 292 1023 frontem⁷
317 985 367 1015 sed
391 985 480 1015 etiam
510 985 745 1025 quadrifrontem
767 986 920 1025 tingentes,
938 985 978 1015 'ut
1005 985 1187 1015 demonstrat
1211 984 1402 1015 simulacrum
1427 984 1489 1015 eius
1513 983 1570 1014 Fa-

158 1042 226 1072 leris
262 1042 424 1072 advectum'
461 1042 605 1081 (Macrob.
643 1042 666 1079 I,
703 1044 732 1078 9,
765 1044 823 1079 13).
876 1042 1021 1073 Bifrontis
1048 1042 1141 1072 altera
1166 1042 1255 1072 facies
1279 1052 1421 1072 conversa
1445 1045 1508 1072 erat
1532 1041 1570 1072 ad

157 1100 297 1129 orientem
323 1100 417 1130 altera
441 1100 478 1130 ad
503 1100 686 1130 occidentem
712 1100 811 1139 solem,
836 1107 869 1130 ut
894 1104 1018 1130 testatur
1041 1100 1165 1129 Ovidius
1190 1100 1279 1137 (Fast.
1304 1099 1327 1138 I,
1357 1100 1443 1138 139):

498 1183 614 1220 Sic-«5110
631 1185 785 1221 prospicio
809 1184 947 1213 caelestis
974 1184 1087 1213 ianitor
1112 1184 1202 1213 (culae

499 1241 582 1271 ans
599 1245 706 1280 partes
731 1243 943 1280 hesperiasqne
968 1242 1068 1271 simul.

248 1335 328 1366 Idem
365 1336 556 1367 simulacrum
593 1337 754 1379 Procopius
789 1337 837 1377 (de
862 1337 938 1368 bello
963 1337 1042 1377 goth.
1068 1337 1091 1376 Ι,
1118 1337 1173 1376 ⁶25)
1197 1337 1299 1368 eodem
1325 1337 1384 1367 fere
1409 1336 1495 1367 modo
1519 1336 1568 1366 de-

155 1393 267 1422 scribit:
293 1397 343 1425 καὶ
369 1402 427 1425 τοῦ
451 1396 629 1432 προσώπου
655 1396 796 1432 θάτερον
822 1396 881 1426 ιιὲν
904 1396 989 1432 πρὸσ
1017 1396 1199 1435 ἀνίσχοντα,
1226 1396 1264 1425 τὸ
1289 1396 1327 1426 ὸὲ
1351 1396 1469 1433 ἕτερον
1485 1394 1570 1431 πρὸσ

155 1450 274 1480 ὁύοντα
296 1452 386 1490 ἥλιον
411 1452 602 1489 τέτραπται,
632 1452 723 1489 θύραι
750 1462 787 1481 τε
807 1453 926 1490 latina?
951 1452 1003 1490 ἐφ’
1030 1452 1178 1491 ἑκατέρῳ
1202 1453 1368 1492 προσώπῳ
1393 1453 1481 1483 εἰσιν.

246 1508 294 1539 Sol
320 1508 420 1548 igitur,
444 1508 517 1539 caeli
546 1509 590 1539 vel
615 1509 681 1540 Iani
710 1509 819 1548 oculus,
856 1509 938 1549 origo
966 1509 1107 1549 imaginis
1131 1509 1226 1551 prima
1253 1514 1305 1549 est,
1330 1515 1358 1540 et
1381 1510 1570 1551 quadrifrons

155 1566 227 1596 deus
250 1560 334 1606 quasi
360 1567 517 1607 perfectior
541 1567 640 1606 imago
665 1567 711 1596 dei
736 1567 837 1596 omnia
862 1567 998 1605 videntis,
1023 1577 1091 1597 nam
1118 1567 1230 1597 bifrons
1254 1578 1330 1607 quae.
1355 1572 1431 1598 retro
1452 1572 1480 1598 et
1500 1573 1569 1598 ante

155 1623 213 1653 sint
237 1623 378 1660 intuetur,
402 1624 590 1664 quadrifrons
614 1628 714 1654 autem
739 1624 828 1654 etiam
852 1634 929 1664 quae
953 1635 971 1654 a
995 1624 1137 1654 lateribus
1161 1624 1220 1655 sint
1243 1624 1328 1654 videt.

245 1680 311 1710 Iani
336 1681 469 1721 dupplex.
493 1681 538 1711 vel
563 1681 749 1722 quadruplex
775 1682 864 1712 f'acies
890 1682 989 1721 imago
1014 1686 1057 1712 est
1081 1681 1151 1712 solis
1176 1682 1205 1711 in
1223 1692 1324 1713 omnes
1343 1686 1438 1723 partes
1455 1693 1570 1723 semper
1600 1723 1602 1725 Ι

156 1737 427 1778 circumspicientis.
475 1739 553 1775 Quid
579 1739 689 1778 igitur?
736 1739 843 1769 Nonne
868 1739 959 1769 lanus
984 1739 1026 1770 sol
1051 1741 1113 1769 est?
1160 1738 1293 1778 Minime,
1318 1739 1419 1770 oculus
1440 1744 1569 1770 tantum-

157 1794 242 1824 modo
266 1794 329 1824 eius
349 1798 400 1831 est,
429 1795 512 1827 „nihil
541 1795 676 1836 amplius.
704 1814 742 1817 —
772 1797 800 1825 A
825 1797 971 1826 sententia
996 1801 1097 1826 nostra
1122 1807 1301 1837 magnopere
1326 1797 1483 1827 admodum
1510 1808 1569 1827 nou

156 1851 255 1882 differt
290 1852 450 1893 explicatio
486 1851 618 1883 Maerobi
643 1853 673 1891 (l.
698 1865 721 1883 c.
742 1856 758 1892 ξ
788 1854 847 1893 14),
871 1854 921 1894 qui
946 1854 1065 1894 quidem
1092 1854 1198 1885 Ianum
1223 1854 1454 1896 quadriformem
1477 1855 1568 1895 ’quasi

156 1909 295 1940 universa
318 1909 440 1939 elimata
466 1910 619 1940 maiestate
643 1911 839 1951 eomplexum'
864 1911 1081 1952 interpretatur.

247 1967 366 1998 Servius
390 1968 439 2003 (ad
465 1968 541 1998 Aen.
567 1968 637 2007 VII,
664 1968 739 2006 607)
761 1968 866 1998 Ianum
891 1969 1123 2009 quadrifrontem
1142 1970 1178 2000 ad
1196 1973 1336 2010 quattuor
1349 1970 1420 2000 anni
1437 1974 1569 2012 tempora

156 2030 288 2064 spectare
313 2029 406 2065 putat.
454 2025 570 2055 Zander
606 2036 675 2056 vero
711 2026 799 2066 plane
827 2036 934 2055 novam
964 2026 1078 2056 invenit
1103 2027 1375 2067 interpretationem
1399 2028 1496 2067 quarti
1522 2039 1569 2058 oa-

158 2080 235 2120 pitis,
259 2081 336 2121 quod
361 2081 465 2112 'Solem
491 2082 526 2112 de
551 2082 648 2112 media
673 2087 757 2113 nocte
782 2086 851 2113 ante
876 2082 1038 2112 diluculum
1063 2083 1198 2122 regiones
1215 2083 1288 2114 caeli
1305 2083 1343 2114 ad
1356 2085 1569 2125 septentriones

157 2139 373 2179 pemgruntem⁷
398 2139 566 2179 siguificare
590 2141 761 2180 arbitratur,
788 2159 827 2162 —
855 2151 930 2181 quae
951 2145 1048 2171 tamen
1070 2140 1273 2182 interpretatio
1291 2141 1427 2173 subtilior
1443 2142 1568 2178 videtur,
