1773 2449
264 17 270 33 i

592 106 628 129 De
642 106 704 129 Iano
719 113 815 132 summo
829 106 996 130 Romanorum
1013 108 1064 130 deo.
1138 120 1141 121 ν
1282 93 1286 94 ⁷
1496 86 1540 123 53

132 185 220 228 plane
242 187 288 216 est
310 183 460 223 credibile,
483 192 554 214 nam
582 183 718 224 privatus
751 183 840 214 huius
875 184 949 214 deae
965 180 1069 214 ‘cultus
1093 183 1124 213 in
1148 178 1349 214 monumentis
1372 183 1540 214 litterarum

132 241 280 274 rarissime
303 241 550 271 commemoratur
571 240 728 280 (Preuner,
753 237 1012 281 Bestia—Vesta,
1030 251 1057 282 p.
1079 236 1163 278 232)ss
1212 239 1306 271 Vesta
1324 243 1423 271 autem
1438 240 1540 282 populi

131 299 259 332 Romani
285 297 444 335 Quiritium
469 294 636 340 praevaluit
658 301 688 330 et
711 293 831 340 publica
845 299 911 330 eius
934 298 1054 330 fuerunt
1066 308 1151 330 sacra
1161 290 1233 339 (vid.
1246 297 1539 330 Preller—Jordan

131 357 167 389 R.
191 357 232 388 M.
256 368 283 398 p.
312 355 393 395 121),
417 366 487 386 nam
516 356 609 387 Vesta
636 366 703 391 'non
736 360 801 388 erat
835 357 1021 397 singularum
1052 356 1233 387 familiarum
1255 356 1302 387 vel
1325 355 1464 387 domuum
1485 357 1539 387 dea

131 416 182 447 sed
205 414 341 456 publicae
365 413 496 444 familiae
521 413 568 444 vel
591 414 721 445 civitatis
750 414 804 452 (cfr
830 414 972 445 Preuner.
998 415 1017 445 l.
1042 424 1066 445 c.
1089 414 1172 451 245).
1219 414 1313 445 Vesta
1336 414 1428 454 igitur
1451 413 1540 444 Italo-

130 483 194 504 rum
223 481 356 512 summae
391 471 547 512 dignitatis
582 475 646 502 erat
680 472 743 502 dea.
794 471 993 509 Quamobrem
1018 472 1098 503 focus
1122 472 1252 503 civitatis
1276 475 1387 503 ceteros
1410 471 1489 502 focos
1512 475 1540 501 et

130 529 287 562 sanctitate
310 531 339 558 et
363 528 508 568 dignitate
528 528 617 569 longe
640 529 787 570 praestitit
803 528 923 569 (Preun.
948 529 965 559 1.
991 528 1034 568 cl).
1082 528 1109 559 E
1130 528 1194 563 foco
1213 529 1292 560 enim
1314 528 1432 570 publico
1448 531 1540 558 totam

130 586 308 629 gubernavit
332 585 483 616 civitatem
507 585 608 615 Vesta.
656 585 682 615 E
707 586 770 617 foco
794 586 912 627 publico
936 585 1152 626 antiquissimis
1176 585 1365 627 temporibus,
1389 592 1457 615 cum
1481 583 1541 626 pri—

130 645 192 675 vati
216 643 347 673 nondum
368 645 473 681 essent,
497 641 631 672 homines
655 642 766 682 singuli
790 642 891 682 ignem
915 643 979 673 sine
1002 643 1092 673 dubio
1116 645 1314 683 sumpserunt,
1329 652 1365 671 ac
1380 651 1449 671 cum
1461 639 1541 671 salus

129 701 264 733 omnium
288 710 303 730 e
328 699 445 741 publico
465 699 534 739 igne
558 701 675 729 servato
703 708 813 738 magna
836 709 874 729 ex
898 702 981 740 parte
1005 699 1155 740 penderet,
1179 698 1267 739 ignis,
1283 709 1320 729 ne
1339 698 1542 738 exstinguere-

130 763 186 800 tur,
210 769 299 800 quam
324 757 550 798 diligentissime
574 759 618 787 est
641 759 783 796 servatus,
807 766 874 786 cum
902 756 1033 797 virgines
1069 756 1205 788 Vestales
1225 756 1324 797 ignem
1349 756 1406 786 foci
1430 755 1541 797 publici

130 816 319 848 custodirent.
366 814 448 852 Quae
483 825 550 845 cum
586 815 628 845 ita
663 814 731 854 sint,
768 814 918 855 publicum
954 818 984 845 et
1018 814 1134 845 laniet
1158 814 1268 845 Vestae
1292 813 1403 844 cultum
1424 813 1541 855 privato

129 874 222 906 multo
243 873 441 916 praevaluisse
457 876 486 904 et
509 872 705 913 antiquiorem
726 872 815 903 fuisse
838 872 1029 912 affirmamus,
1047 873 1178 913 falsoque
1202 872 1335 903 Roseher
1350 871 1380 909 (1.
1398 882 1422 901 c.
1440 882 1466 912 p.
1489 871 1541 909 19)

129 931 279 963 contraria
302 930 460 962 contendit.

205 989 293 1021 ‘Nam
326 989 421 1020 cultus
456 988 564 1030 privati
592 987 659 1019 Iani
686 988 733 1019 dei
761 987 844 1019 nulla
871 988 932 1019 fere
959 991 1011 1019 aut
1038 999 1133 1030 pauca
1159 990 1363 1021 tantummodo
1394 991 1541 1022 exsistimt

129 1047 263 1088 vestigia,
292 1046 402 1088 publici
427 1057 496 1077 vero
520 1046 621 1076 multa.
668 1045 811 1076 Publicus
830 1045 910 1076 enim
934 1049 997 1076 erat
1021 1046 1083 1077 dies
1107 1046 1198 1077 festus
1222 1047 1379 1087 maximus,
1402 1048 1453 1088 qui
1472 1047 1541 1078 -Ka-

129 1104 224 1136 lendis
259 1103 407 1135 Ianuariis
442 1114 460 1134 a
495 1102 602 1144 populo
637 1112 760 1134 romano
793 1102 931 1134 universo
958 1102 1121 1134 celebratus
1152 1106 1196 1134 est
1215 1103 1377 1144 (Hartung,
1401 1104 1465 1135 Rel.
1489 1105 1542 1136 der

129 1163 215 1194 Rom.
229 1162 300 1204 Hp.
331 1161 415 1201 221).
451 1161 610 1203 Proprium
634 1163 663 1192 et
686 1171 771 1192 suum
789 1161 979 1201 sacerdotem,
1003 1161 1188 1192 sacerdotum
1212 1162 1345 1193 omnium
1369 1162 1541 1204 principem,

127 1221 179 1262 qui
203 1231 256 1251 rex
279 1230 429 1251 sacrorum
455 1219 502 1249 vel
526 1218 710 1249 sacrificulus
723 1219 892 1259 vocabatur,
909 1219 998 1250 etiam
1015 1219 1151 1259 habebat,
1167 1220 1251 1250 cuius
1268 1230 1375 1250 munus
1390 1220 1541 1261 publicum

128 1278 225 1318 fuerit,
260 1277 348 1319 plane
376 1280 420 1308 est
454 1287 572 1309 necesse
608 1276 662 1314 (cfr
697 1276 811 1308 Preller
840 1276 876 1307 R.
904 1276 945 1308 M.
970 1288 998 1319 p.
1027 1277 1109 1315 122).
1158 1276 1214 1308 Sed
1248 1288 1307 1308 non
1331 1277 1426 1309 solum
1447 1278 1541 1319 primo

128 1346 243 1376 quoque
267 1336 339 1366 anni
359 1336 406 1366 die
427 1335 545 1376 publica
568 1334 713 1366 sacrificia
736 1334 810 1365 Iano
834 1335 912 1365 facta
932 1338 1001 1366 sunt
1025 1336 1075 1366 sed
1099 1335 1190 1366 etiam
1215 1336 1311 1376 primo
1327 1346 1443 1376 quoque
1458 1346 1541 1366 men-

128 1393 168 1424 sis
202 1392 257 1423 die.
304 1392 384 1423 Nam
419 1392 575 1423 sollemnes
611 1391 673 1422 dies
700 1391 774 1422 Iano
797 1402 899 1423 omnes
919 1395 1004 1423 erant
1023 1392 1180 1432 Calendae,
1204 1396 1237 1423 ut
1258 1396 1381 1434 apparet
1404 1403 1420 1423 e
1444 1393 1542 1423 verbis

128 1450 262 1481 Macrobi
294 1450 365 1488 (Sat.
401 1450 424 1489 I,
463 1451 492 1489 9,
524 1450 588 1489 16):
612 1469 655 1473 —
682 1468 720 1472 —
753 1469 788 1473 ——-
811 1453 838 1480 et
868 1450 966 1481 Varro
991 1451 1068 1481 libro
1091 1452 1194 1489 quinto
1219 1450 1335 1481 Rerum
1360 1452 1541 1481 divinarum

128 1508 234 1538 scribit
258 1507 336 1538 Iano
371 1508 527 1537 duodecim
558 1517 633 1537 aras
664 1518 723 1546 pro
759 1508 880 1538 totidem
909 1508 1061 1538 mensibus
1089 1509 1255 1538 dedicatas.
1307 1508 1389 1545 Quae
1415 1518 1500 1539 sacra
1524 1518 1542 1538 a

127 1576 197 1607 rege
230 1576 389 1606 sacrorum,
418 1566 465 1596 cui
501 1566 567 1597 salii
591 1566 727 1598 adessent
755 1566 865 1608 publici
901 1566 945 1597 illi
981 1566 1154 1607 sacerdotes,
1194 1567 1316 1598 fortasse
1351 1569 1420 1597 sunt
1455 1566 1542 1605 faeta,

128 1623 185 1663 (cfr
208 1623 322 1654 Preller
345 1623 380 1653 R.
394 1623 434 1653 M.
449 1625 459 1639 ³
473 1634 499 1664 p.
517 1623 592 1662 122)
613 1627 644 1653 ut
669 1624 781 1654 indicat
808 1624 935 1654 Ioannes
960 1624 1061 1664 Lydus
1085 1624 1131 1660 (de
1157 1635 1246 1655 mens.
1272 1624 1326 1663 IV,
1348 1624 1391 1663 2);
1416 1623 1541 1653 δυοκαί-

128 1679 208 1712 ὁεκα
242 1683 416 1722 πρυτάνεις
449 1682 535 1721 πρὸσ
558 1687 616 1712 τοῦ
641 1682 755 1721 Νουμᾶ
779 1684 917 1722 τοὺς...
944 1684 1081 1723 Σαλλους
1093 1684 1260 1724 ὁρισθῆναι
1283 1692 1381 1723 φασιν
1407 1684 1541 1720 ὑμνοῦν-

128 1748 189 1777 τας
222 1740 281 1770 τὸν
315 1740 414 1771 Ἰανὸν
436 1741 521 1771 κατὰ
551 1741 610 1771 τὸν
640 1747 707 1772 τῶν
728 1742 889 1772 Ἰταλικῶν
910 1747 1021 1781 μηνῶν
1045 1741 1192 1779 ἀριθμόν.
1222 1759 1261 1762 -
1288 1740 1325 1770 In
1349 1740 1459 1781 templo
1475 1740 1542 1771 Iani

128 1796 202 1827 haec
214 1806 298 1827 sacra
310 1796 437 1836 singulis
447 1797 598 1827 mensibus
610 1807 672 1827 esse
685 1796 765 1827 facta
776 1797 852 1827 alius
865 1797 994 1827 eiusdem
1008 1797 1158 1838 scriptoris
1169 1797 1251 1828 locus
1264 1800 1408 1828 monstrat
1421 1797 1489 1837 (IV,
1504 1800 1542 1834 ⁶2):

128 1853 369 1894 ὁωὸεκάβωαον
392 1854 473 1885 εἶναι
495 1855 555 1885 τὸν
577 1855 678 1885 αὐτὸν
701 1855 780 1886 ναὸν
803 1855 887 1886 κατὰ
910 1855 969 1886 τὸν
992 1861 1059 1886 τῶν
1078 1856 1238 1887 Ἰταλικῶν
1266 1861 1377 1896 μηνῶν
1391 1854 1540 1894 ἀριθμόν.

213 1912 259 1943 De
294 1912 359 1953 ipsa
386 1915 494 1943 natura
521 1913 627 1943 horum
654 1923 805 1943 sacrorum
829 1917 903 1943 teste
927 1913 1012 1953 Lydo
1034 1913 1098 1952 (IV,
1125 1913 1157 1952 2)
1181 1913 1279 1943 Varro
1303 1923 1356 1944 nos
1380 1913 1481 1953 aliqua
1503 1923 1542 1943 ex

130 1974 213 2014 parte
247 1970 317 2001 fecit
348 1970 496 2002 certiores:
532 1972 693 2011 Βάρρων,
710 1997 737 2002 ..
774 1974 871 2013 φησὶν
904 1973 1005 2003 αὐτὸν
1024 1998 1029 2003 .
1046 1998 1074 2003 ..
1099 1973 1254 2011 λέγεσθαι
1355 1974 1406 2003 καὶ
1431 1970 1541 2001 Ποπα-

129 2039 217 2059 νωνα
241 2029 294 2060 ὁιὰ
313 2030 353 2060 τὸ
376 2030 414 2060 ἐν
433 2036 505 2068 ταῖς
526 2030 711 2069 Καλένὸαις
733 2030 958 2068 ἀναφέρεσθαι
981 2031 1161 2060 ποπάνονα.

215 2085 357 2116 Publicus
384 2085 472 2116 etiam
501 2089 565 2116 erat
588 2085 685 2116 cultus
709 2085 776 2116 Iani
801 2084 917 2121 Quirini
942 2085 1099 2126 (Hartung
1123 2085 1155 2115 II
1179 2096 1205 2126 p.
1232 2085 1317 2124 224).
1365 2085 1543 2125 Priusquam

130 2144 211 2174 enim
233 2143 343 2173 bellum
368 2142 513 2173 indictum
536 2146 588 2182 est,
612 2142 738 2184 populus
761 2143 917 2174 universus
941 2142 1103 2179 Quiritium
1116 2153 1232 2174 summa
1252 2143 1395 2183 religione
1412 2142 1542 2173 caerimo-

217 2200 300 2223 Lunds
315 2201 388 2223 Univ.
405 2193 536 2223 Arsskrist.
566 2201 633 2223 Tam.
648 2199 754 2223 xxvn-
1437 2201 1452 2222 8
