1773 2449
630 105 665 126 De
681 105 742 125 Iano
757 110 852 125 summo
868 104 1034 124 Romanorum
1050 104 1101 124 deo.
1559 89 1578 119 5

168 184 199 213 in
223 183 401 214 sententiam
424 191 526 213 eorum
550 181 602 221 qui
627 190 735 211 nomen
758 179 805 209 dei
833 189 901 209 eum
930 180 1048 210 nomine
1075 179 1256 220 appellativo
1280 180 1347 209 iani
1370 180 1527 210 conferunt
1550 183 1579 210 et

168 240 246 270 idem
270 250 332 272 esse
356 238 517 277 declarant,
542 237 626 267 cuius
650 236 729 267 vocis
757 239 878 276 etymon
902 236 1078 276 ambagibus
1107 236 1223 267 omissis
1247 236 1354 267 referre
1378 236 1448 266 lieet
1471 237 1508 266 ad
1532 247 1579 267 ra—

168 297 262 329 dicem
276 297 426 328 verbalem
441 297 461 336 i,
486 305 561 336 quae
586 305 638 337 per
661 295 772 335 figuras
796 295 831 333 ei,
852 295 872 333 i,
896 295 928 323 εἰῖ
945 293 1002 333 (cfr
1021 293 1206 334 Brugmann,
1231 293 1347 335 Morph.
1372 293 1491 324 Unters.
1516 293 1531 324 I
1552 305 1578 335 p.

170 356 189 386 3
213 357 268 396 sq.)
288 355 394 395 variat⁷
421 357 454 385 ut
482 353 696 396 pronominalis
731 363 847 394 quoque
880 353 967 383 radix
991 354 1002 383 i
1022 363 1074 395 per
1097 354 1132 393 ei,
1157 354 1177 393 i,
1202 355 1233 384 ia
1260 372 1298 376 —-
1325 353 1370 383 cfr
1393 363 1502 383 sanser.
1527 363 1579 393 yas

168 423 249 454 pron.
271 412 320 442 rel.
346 412 394 442 vel
418 412 515 453 potius
539 411 800 442 determinativum
822 421 977 451 -—‚quam
1002 411 1034 441 in
1058 411 1151 442 latino
1167 411 1307 443 adverbio
1328 412 1391 440 iam
1405 421 1433 438 >
1448 411 1578 449 *ia-sme‚

167 474 200 502 ut
219 473 282 500 tam
296 481 323 498 >
338 469 462 500 *ta-sme
486 470 611 500 formato
635 469 704 506 (vid.
729 468 830 508 Stoltz‚
854 468 905 498 lat.
919 479 1043 508 gramm.
1060 478 1068 492 ²
1084 480 1110 510 p.
1122 469 1186 499 346
1199 474 1260 510 sq),
1273 470 1371 501 habes.
1398 470 1476 500 Nam
1490 469 1578 510 stirps

168 531 199 562 ia
223 530 242 560 l.
267 529 312 559 i-sz
340 539 392 569 per
415 528 524 559 multas
544 528 662 568 linguas
686 527 942 567 indogermanicas
967 528 1139 568 percrebuit,
1164 532 1197 558 ut
1221 528 1267 559 his
1291 529 1412 559 vocibus
1436 528 1578 559 cernitur:

167 597 221 617 sor.
245 586 321 626 ya-ti
346 586 377 625 it,
401 593 481 626 yana
508 586 647 624 incessus,
683 595 794 624 currus,
818 585 867 614 lat.
893 585 1000 623 ia-nus,
1025 586 1123 623 ianua,
1148 586 1190 615 lit.
1211 587 1272 626 joju
1298 590 1350 615 cet.
1376 587 1432 625 (cfr
1456 586 1579 625 Brugm.

167 645 185 675 l.
210 654 243 684 e.,
267 643 303 674 G.
329 644 433 685 Meyer
456 654 499 684 gr.
524 654 567 684 gr.
592 654 618 685 p.
645 643 719 683 372,
746 642 916 674 Johansson
940 642 1031 673 deriv.
1056 643 1135 673 verb.
1161 654 1187 684 p.
1219 643 1288 681 1020,
1314 642 1374 673 Leo
1399 642 1503 683 Meyer
1521 642 1578 683 vgl.

167 711 291 741 gramm.
308 700 317 714 ²
343 713 369 742 p.
398 702 479 739 159).
526 701 672 732 Nonnulli
707 711 777 731 vero
813 711 919 731 nomen
957 701 1023 731 Iani
1059 701 1116 739 dei7
1151 702 1227 741 quod
1254 701 1463 740 Brugmannus
1487 701 1518 740 (l.
1543 703 1579 739 e.)

168 759 251 790 uncis
276 759 396 790 inclusit
420 759 497 790 idem
522 761 610 800 atque
634 769 743 790 nomen
766 757 979 800 appellativum
1005 758 1065 788 iani
1090 768 1152 788 esse
1177 760 1325 799 putarunt.

258 816 340 853 Quae
364 820 463 848 tamen
487 817 619 857 quaestio
644 827 703 847 non
727 816 800 847 adeo
824 816 954 847 difficilis
977 820 1021 847 est
1045 816 1217 855 diiudicatu,
1246 816 1372 846 ridicula
1397 816 1493 857 potius
1517 827 1579 846 esse

167 874 291 905 videtur.
339 873 417 904 Nam
450 874 545 914 deum,
580 884 668 915 quem
704 884 852 904 summum
889 874 980 904 fuisse
1017 874 1118 904 multis
1142 874 1238 904 causis
1263 874 1387 914 probare
1407 874 1484 912 lieet,
1508 885 1524 903 c
1548 884 1579 903 re

167 932 240 963 adeo
260 932 312 962 vili
337 935 426 973 atque
454 932 571 972 vulg-ari
607 942 697 973 quam
728 932 818 962 ianua
853 942 961 962 nomen
985 931 1104 962 duxisse
1129 931 1217 973 plane
1240 935 1284 962 est
1308 931 1488 962 incredibile.
1537 932 1579 961 At

167 991 270 1019 contra
293 999 387 1029 aeque
411 990 519 1019 mirum
549 1000 612 1020 esse
639 990 756 1019 videtur
788 999 850 1019 rem
883 989 955 1019 adeo
991 989 1081 1019 vilem
1113 993 1201 1029 atque
1228 989 1392 1029 vulgarem,
1416 989 1512 1029 qualis
1536 993 1580 1019 est

167 1047 260 1076 ianus
284 1047 332 1077 vel
353 1048 458 1087 i'anua,
482 1058 500 1077 a
525 1047 644 1078 nomine
667 1047 714 1077 dei
738 1047 846 1078 summi
870 1057 932 1077 esse
955 1046 1143 1088 appellatam.
1191 1046 1256 1077 Iam
1282 1057 1350 1078 vero
1366 1046 1422 1077 hac
1439 1046 1474 1077 de
1490 1057 1579 1077 eausa

167 1105 253 1135 valde
277 1105 367 1135 dubia
390 1109 434 1135 est
457 1105 513 1136 ista
536 1105 646 1146 opinio,
669 1116 745 1145 quae
768 1116 806 1135 ex
830 1105 1010 1145 etymologia
1034 1105 1109 1136 falsa
1125 1116 1176 1136 seu
1193 1105 1337 1146 populari⁷
1357 1116 1447 1145 quam
1464 1108 1579 1144 vocant,

167 1166 238 1193 nata
270 1166 323 1203 est3
360 1162 410 1194 sed
435 1162 604 1194 hominibus
628 1162 821 1204 posteriorum
846 1165 985 1202 aetatum⁷
1010 1162 1060 1203 qui
1086 1162 1121 1193 de
1145 1162 1260 1203 origine
1284 1165 1312 1193 et
1337 1163 1457 1204 propria
1481 1162 1527 1193 dei
1548 1162 1578 1192 vi

167 1221 243 1251 nihil
267 1222 327 1251 fere
351 1222 502 1261 sentirent,
526 1221 683 1252 tribuenda
706 1225 750 1252 est
777 1221 845 1252 talis
869 1221 1023 1252 nominum
1048 1222 1232 1262 permutatio.
1280 1221 1359 1252 Nam
1384 1221 1526 1252 eiusmodi
1548 1221 1578 1251 in

167 1288 295 1308 errorem
319 1278 483 1318 persimiles
508 1288 601 1315 voees,
623 1278 679 1308 etsi
702 1278 811 1318 origini
836 1278 976 1318 dispares,
1001 1279 1153 1319 imperitos
1177 1279 1261 1318 quasi
1278 1268 1452 1309 necessitate
1468 1279 1578 1319 saepis-

165 1336 238 1367 sime
263 1335 413 1367 duxerunt
439 1355 478 1358 —
505 1336 587 1367 cuius
610 1335 714 1367 saltem
735 1336 776 1366 rei
802 1335 946 1377 exemplis
982 1335 1173 1377 mythologia,
1201 1346 1277 1377 quae
1304 1336 1421 1375 dicitur,
1445 1336 1577 1366 abundat

167 1393 378 1434 redundatque.

258 1451 305 1482 Ita
329 1451 456 1492 quidem,
485 1454 517 1481 ut
544 1451 681 1493 exempla
716 1451 847 1492 afferam,
883 1451 1064 1482 Graecorum
1093 1452 1172 1491 (leus,
1200 1452 1249 1493 qui
1272 1456 1315 1482 est
1338 1453 1477 1492 Κρόνος,
1504 1452 1579 1483 falsa

167 1509 347 1550 etymologia
383 1510 454 1540 deus
486 1510 627 1550 temporis
655 1510 827 1540 habebatur.
879 1510 970 1541 Stoici
994 1511 1082 1550 enim,
1106 1514 1138 1540 ut
1162 1511 1240 1551 apud
1264 1510 1435 1541 Ciceronem
1460 1514 1504 1541 est
1527 1510 1577 1550 (N.

126 1585 129 1588 ,
168 1566 202 1596 D.
227 1566 260 1596 II
284 1577 307 1596 0.
330 1566 396 1606 250:
421 1566 592 1596 Saturnum
620 1585 659 1589 —-
685 1577 752 1596 eum
790 1577 853 1597 esse
888 1568 1055 1606 voluerunt,
1079 1569 1132 1606 qui
1160 1578 1282 1598 cursum
1307 1571 1334 1598 et
1357 1569 1577 1598 conversionem

167 1624 337 1661 spatiorum
374 1634 409 1653 ac
444 1627 610 1662 temporum
646 1625 817 1663 contineret,
852 1626 906 1663 qui
930 1626 1004 1655 deus
1025 1635 1134 1662 ,qraeee
1159 1626 1191 1654 ΥιἰΙ
1219 1626 1329 1663 ipsum
1348 1635 1452 1654 women
1478 1625 1578 1654 habet:

167 1682 297 1721 Κρόνος
319 1682 399 1711 enim
424 1682 553 1718 (licitum
576 1682 629 1719 qui
652 1684 695 1711 est
719 1682 798 1711 idem
816 1685 944 1722 χρόνος,
969 1683 1003 1712 id
1022 1686 1065 1712 est
1088 1683 1221 1720 spatium
1240 1683 1397 1721 temporis:
1423 1682 1579 1712 Satezrvms

168 1740 268 1768 autem
293 1741 336 1769 est
360 1739 542 1778 appellatus,
566 1739 643 1777 quod
667 1742 865 1769 saturaretur
890 1741 995 1770 annis:
1031 1750 1066 1769 ex
1094 1750 1125 1769 se
1152 1741 1233 1769 enim
1258 1743 1345 1770 natos
1372 1750 1499 1770 comesse
1516 1740 1579 1777 fin-

164 1795 251 1834 quur
275 1796 391 1837 solitus,
415 1797 489 1835 quia
513 1797 662 1827 consumit
683 1799 767 1827 aetas
792 1799 957 1836 temporum
982 1798 1094 1837 spatia,
1120 1798 1268 1836 (mre-isque
1287 1799 1470 1836 praeteritis
1494 1799 1579 1827 insa-

167 1854 349 1884 turabilitur
383 1854 549 1893 expletuffl:
572 1873 612 1878 —
639 1855 750 1886 Eodem
780 1856 840 1886 fere
870 1855 954 1886 modo
972 1857 1087 1897 Ἑρμῆς
1109 1866 1127 1885 a
1150 1855 1275 1887 Graecis
1298 1856 1369 1887 deus
1394 1856 1579 1897 eloquentiae

167 1911 261 1942 faetus
289 1916 341 1952 est,
376 1912 442 1943 ideo
476 1913 555 1953 quod
591 1913 733 1953 notiones,
769 1924 844 1954 quae
872 1917 941 1944 sunt
968 1913 1126 1952 ἑρμηνεὺς
1148 1917 1177 1943 et
1201 1915 1398 1954 ἑρμηνεύειν,
1424 1924 1491 1944 cum
1516 1914 1578 1954 ipso

167 1970 286 2001 nomine
310 1970 357 2001 dei
381 1971 537 2002 cohaerere
561 1971 635 2002 falso
659 1972 805 2013 putabant
818 1972 851 2009 ²¹¹).

239 2112 267 2145 ff)
288 2114 332 2138 Cfr
353 2115 413 2139 Plat
443 2115 514 2141 Crat.
533 2115 585 2140 407
606 2125 627 2140 e:
647 2115 724 2141 ἔοικε
742 2116 806 2150 περὶ
828 2115 919 2151 λόγον
942 2124 967 2141 τι
987 2119 1058 2141 εῖναι
1078 2114 1095 2141 ὁ
1115 2114 1224 2151 Ἑρμῆς,
1246 2114 1291 2140 καὶ
1310 2113 1489 2150 τὰὲρμηνέα
1507 2113 1580 2141 εἶναι

167 2155 213 2181 καὶ
232 2155 266 2181 τὸ
285 2156 411 2191 ἄγγελον
430 2158 477 2184 καὶ
495 2158 529 2184 τὸ
549 2157 685 2185 κλοπικόν
704 2167 737 2185 τε
756 2159 802 2185 καί
821 2159 854 2185 τὸ
874 2158 1020 2195 ἀπατηλὸν
1040 2158 1073 2184 ἐν
1092 2158 1192 2193 λόγοις
1211 2157 1271 2184 κτλ.
