1773 2449
627 107 662 129 De
677 107 739 129 Iano
754 113 848 129 summo
863 107 1031 129 Romanorum
1046 109 1097 131 deo.
1529 92 1570 122 29

157 182 301 224 nulloque
324 183 460 225 exemplo
481 186 578 214 aetate
604 182 803 215 Ciceroniana
829 183 979 225 superiore
1003 183 1130 225 probari.
1153 183 1211 214 Sed
1226 193 1262 214 ne
1274 183 1331 214 hoc
1342 183 1465 225 quidem
1481 183 1571 225 plane

158 249 260 269 verum
284 243 335 270 est.
382 240 462 270 Nam
486 243 515 270 et
539 250 645 278 requm
669 250 724 270 rem
740 239 836 281 (Capt.
855 239 930 276 825)
943 243 973 270 et
989 241 1084 270 victor
1099 241 1246 270 victorum
1263 240 1358 278 (Trin.
1373 241 1447 277 309)
1459 241 1570 280 legitur

157 296 235 339 apud
248 296 398 337 Plautum,
412 297 464 339 qui
476 308 572 339 neque
584 296 674 329 homo
686 296 815 328 Iudaeus
827 299 872 328 est
883 300 912 328 et
923 300 1019 328 aetate
1043 296 1239 328 Ciceroniana
1250 295 1343 327 multo
1367 297 1505 338 superior.

247 355 340 386 Porro
364 355 612 386 considerandum
636 355 721 386 nobis
734 358 778 386 est
790 355 871 396 apud
887 354 1017 386 Graecos
1028 366 1146 396 quoque
1157 354 1282 385 eandem
1296 354 1456 385 formulam
1472 354 1503 384 in
1516 365 1569 385 usu

157 411 238 442 haud
261 412 462 454 infrequenter
486 423 556 452 esse,
580 423 649 443 nam
673 413 752 455 apud
777 412 961 454 Aeschylum
986 413 1133 454 supplices
1157 412 1270 453 (Suppl.
1284 423 1311 442 v.
1323 412 1400 451 524)
1413 411 1515 442 Iovem
1525 412 1571 442 his

157 470 256 500 verbis
280 470 432 500 invocant:
457 471 539 510 ἄναξ
561 473 721 502 ἀνάκτων.
770 470 913 501 Conferas
927 470 1015 500 velim
1029 470 1108 501 Pers.
1117 481 1144 500 v.
1162 470 1227 499 666
1244 470 1391 501 δέσποτα
1407 470 1571 500 δεσποτᾶν

158 529 187 557 et
210 537 237 557 v.
263 527 328 557 673
353 526 495 558 ὁυνάστα
518 527 680 558 ὁυναστᾱν
703 528 764 568 (vel
788 528 884 569 potius
919 528 1041 558 δυνάτα
1069 529 1211 559 ὁυνατᾶν
1222 527 1260 567 *),
1291 530 1324 557 ut
1355 531 1432 557 recte
1468 528 1571 557 statuit

159 584 263 626 Haupt
286 583 353 626 (Op.
377 583 419 625 H,
447 583 529 625 155),
557 595 626 616 nam
654 585 743 627 plane
779 585 957 628 respondent
991 585 1151 617 Persarum
1179 584 1322 616 formulae
1346 585 1571 625 kkslcdyatleiya

157 643 463 683 khshayathiydnaem.

249 701 333 739 Quod
357 703 382 734 si
402 703 445 734 ita
464 707 516 742 est,
542 703 627 734 nulla
650 703 829 744 relinquitur
852 703 1006 743 dubitatio,
1030 704 1102 744 quin
1128 706 1205 733 recte
1229 714 1259 733 se
1276 703 1384 733 habeat
1400 702 1473 732 illud
1488 702 1571 732 ’deus

158 760 293 790 deorum’
317 771 335 791 a
359 760 510 792 Macrobio
534 762 659 792 carmini
680 761 788 792 Saliari
812 761 1006 801 vindicatum,
1031 772 1067 803 ac
1089 772 1155 792 cum
1174 772 1261 792 nemo
1277 761 1353 792 alius
1366 760 1569 791 auctoritatem

157 818 228 858 eius,
247 829 323 859 quae
344 818 375 848 in
399 818 608 859 mythologicis
618 819 663 858 **)
699 819 819 860 quidem
855 820 943 850 rebus
967 830 1026 850 non
1050 819 1123 850 adeo
1141 819 1225 850 nulla
1241 823 1284 850 est
1297 819 1365 856 (vid.
1384 818 1570 859 Bernhardy,

157 875 287 906 Grundr.
312 876 338 906 d.
362 875 447 906 Rom.
472 876 542 907 Litt.
569 875 579 889 ³
604 888 631 918 p.
658 877 744 917 769),
768 877 799 907 in
824 877 1037 908 dubitationem
1061 877 1188 917 vocavit,
1205 876 1356 907 Macrobio
1372 876 1466 906 multo
1479 875 1571 906 tutius

157 934 303 964 confidere
313 936 342 964 et
355 945 508 975 possumus
520 938 549 965 et
561 935 709 974 debemus,
722 935 769 965 cui
777 935 896 975 quidem
909 946 946 965 ex
959 935 1031 976 ipsis
1044 935 1174 966 fontibus
1187 934 1343 965 hauriendi
1356 937 1419 964 erat
1436 936 1571 975 postetas.

249 991 301 1021 Sin
325 1002 395 1022 vero
419 992 454 1022 de
478 1002 566 1023 sensu
585 992 729 1023 formulae
752 1003 938 1033 quaeramus,
955 992 1087 1033 Hauptio
1108 992 1175 1033 (Op.
1193 992 1234 1031 ΙΙ,
1255 991 1331 1031 155)
1348 990 1570 1022 assentiendum

157 1052 236 1090 puto,
259 1060 318 1090 quo
341 1052 460 1081 auctore
484 1050 536 1081 illa
559 1050 677 1091 quidem
702 1050 780 1081 idem
804 1049 884 1081 valet
907 1053 995 1091 atque
1019 1060 1158 1081 summus
1174 1051 1249 1081 deus
1266 1050 1398 1088 aliisque
1414 1050 1572 1087 imperans

157 1107 205 1137 vel
229 1107 365 1148 princeps
388 1108 516 1138 deorum.
564 1108 600 1138 In
624 1108 868 1149 inscriptionibus
903 1108 983 1138 enim
1020 1108 1140 1149 persicis
1164 1107 1304 1149 (Spiegel,
1329 1107 1458 1148 Altpers.
1488 1106 1572 1136 Keil-

157 1164 264 1194 inschr.
290 1175 315 1205 p.
341 1164 397 1204 46)
421 1165 625 1206 interpretatio
649 1165 792 1195 formulae
825 1165 955 1206 profecto
987 1165 1104 1205 legitur,
1133 1175 1203 1195 nam
1228 1164 1395 1194 mathishta
1420 1164 1570 1201 baqttmim

158 1225 301 1260 (summus
325 1222 466 1264 deorum),
501 1226 534 1253 ut
571 1234 609 1253 ex
645 1223 786 1254 continua
821 1223 953 1254 oratione
978 1223 1073 1254 elucet
1101 1226 1271 1265 comparato
1295 1222 1346 1253 illo
1369 1221 1572 1263 kshayathiya

157 1280 440 1320 kshayathiyanam,
465 1291 517 1321 pro
541 1281 680 1321 loquendi
704 1281 833 1311 formula
850 1281 927 1319 haya
944 1281 1094 1319 baydmim
1112 1282 1141 1320 (i.
1159 1292 1182 1311 e.
1200 1281 1270 1311 deus
1291 1281 1425 1319 deorum)
1443 1280 1571 1321 ponitur.

157 1337 252 1369 Immo
277 1348 346 1369 vero
369 1337 513 1369 Horatius
536 1349 652 1379 quoque
676 1338 777 1369 eodem
794 1338 879 1369 modo
892 1338 1021 1380 explicat
1038 1338 1206 1369 huiusmodi
1222 1338 1348 1369 formam
1361 1337 1487 1377 dicendi,
1501 1347 1571 1367 nam

157 1406 212 1426 rex
236 1406 340 1434 regum
365 1396 429 1437 (Ep.
454 1396 477 1436 I,
506 1397 532 1436 1,
560 1397 633 1433 107)
665 1397 744 1427 idem
779 1397 877 1427 valere
905 1397 984 1437 quod
1008 1407 1188 1435 magnorum
1213 1398 1346 1427 maxime
1370 1406 1474 1434 reyum
1498 1395 1570 1434 (Sat.

158 1453 182 1491 Ι,
210 1454 237 1492 3,
266 1453 347 1493 136),
372 1453 460 1494 plane
484 1456 527 1484 est
551 1464 677 1484 necesse.

249 1511 291 1541 At
314 1521 374 1541 non
394 1511 488 1542 solum
513 1511 637 1542 alteram
662 1515 775 1553 partem
800 1522 902 1543 versus
923 1511 1045 1543 Saliaris
1069 1512 1140 1542 dicti
1166 1511 1339 1542 mutandam
1364 1511 1478 1541 censuit
1494 1510 1571 1540 Zan-

157 1568 217 1608 der,
248 1568 297 1599 sed
335 1569 424 1599 etiam
462 1569 589 1611 priorem
624 1580 726 1601 versus
758 1572 874 1611 partem
901 1569 932 1610 (l.
953 1580 977 1600 c.
996 1581 1022 1611 p.
1037 1570 1068 1607 4)
1081 1570 1157 1600 ferro
1170 1580 1230 1600 non
1247 1569 1344 1599 minus
1360 1569 1434 1599 duro
1450 1579 1570 1609 aggres-

157 1638 206 1659 sus
237 1631 288 1667 est,
326 1631 356 1658 ut
384 1627 450 1669 plus
478 1638 569 1658 unum
598 1628 774 1659 vocabulum
798 1631 860 1659 toto
884 1628 915 1658 in
940 1639 1027 1659 versu
1053 1628 1103 1659 vix
1128 1628 1273 1659 intactum
1298 1627 1337 1659 sit
1360 1627 1504 1658 relictum.
1528 1646 1567 1649 —

158 1685 315 1715 Praeterea
339 1686 364 1716 si
376 1686 593 1716 consideremus
617 1696 684 1716 eum
708 1690 811 1716 contra
835 1687 1045 1725 gravissimum
1074 1686 1208 1717 Macrobi
1223 1686 1424 1716 testimonium
1449 1685 1520 1724 (Sat.
1545 1685 1569 1724 I,

158 1743 187 1782 9,
216 1743 268 1782 14)
292 1742 379 1773 deum
403 1743 492 1784 plane
520 1753 629 1774 novum
658 1743 809 1783 (Diovem)
844 1743 979 1775 intulisse
1003 1746 1032 1774 et
1056 1747 1148 1774 totam
1172 1743 1350 1774 sententiam
1370 1743 1412 1773 ita
1432 1745 1569 1782 mutasse,

157 1803 190 1829 ut
213 1810 278 1830 eam
303 1801 398 1840 magis
426 1801 462 1830 ad
494 1801 755 1842 contemplativam
791 1802 1006 1842 mythologiam
1044 1806 1161 1832 nostrae
1196 1801 1301 1831 aetatis
1329 1801 1376 1831 vel
1405 1801 1569 1831 doctrinam

230 1900 258 1933 ἦ)
278 1901 331 1925 Hoc
351 1901 406 1925 loco
425 1901 559 1925 Wecklein
578 1901 687 1927 ὀυνάτα
706 1902 815 1927 δυνάτα
835 1902 900 1934 legit
920 1905 949 1927 ut
969 1903 1024 1935 loco
1044 1903 1176 1935 superiore
1196 1901 1321 1927 ὁέσποτα
1336 1900 1486 1930 ὀεσπότου,
1501 1901 1569 1932 quod

157 1944 234 1968 inane
253 1947 300 1969 est.
339 1944 418 1969 Recte
446 1945 513 1969 enim
541 1945 661 1970 admonet
691 1946 780 1978 Haupt
800 1946 827 1978 (l.
849 1946 880 1979 c.)
902 1946 959 1970 'non
979 1946 1033 1970 sine
1053 1946 1164 1977 quadam
1184 1945 1292 1969 orientis
1311 1944 1463 1977 populorum
1483 1944 1568 1968 imita-

157 1981 228 2011 tione
248 1987 402 2020 Aeschylum
421 1987 463 2012 hic
482 1988 595 2013 locutum
615 1989 686 2013 esse’.

230 2030 276 2062 qe‘¹')
296 2030 382 2056 Aliter
402 2031 429 2056 in
447 2032 524 2057 rebus
543 2031 721 2064 etymologicis
740 2031 796 2056 fieri
816 2041 866 2056 non
886 2034 933 2062 est,
954 2032 1023 2065 quod
1042 2032 1173 2061 miremur,
1192 2041 1251 2057 nam
1271 2032 1318 2056 hac
1338 2031 1364 2056 in
1383 2040 1410 2055 re
1430 2033 1487 2055 tota
1501 2031 1568 2055 anti-

158 2073 244 2105 quitas
263 2075 371 2100 vacillat
391 2079 416 2100 et
437 2076 573 2109 claudicat.
613 2077 683 2101 Idem
703 2077 755 2101 fere
776 2076 802 2101 in
822 2076 906 2109 prima
926 2079 1020 2101 natura
1040 2077 1145 2101 deorum
1165 2076 1346 2101 constituenda
1365 2075 1495 2100 interdum
1512 2075 1568 2099 fieri

158 2125 187 2140 eo
206 2121 353 2147 excusatur,
382 2120 450 2151 quod
480 2120 579 2144 Stoicos
608 2120 686 2151 vulgo
715 2121 880 2152 sequebatur,
900 2120 944 2152 qui
964 2128 994 2144 ex
1014 2120 1077 2152 ipsis
1096 2121 1189 2152 etymis
1209 2120 1305 2153 (falsis)
1324 2122 1444 2143 naturam
1464 2119 1569 2143 deorum

158 2162 273 2185 statuere
292 2162 409 2187 solebant
430 2163 479 2196 (cfr
499 2163 552 2193 Cic,
572 2164 603 2189 N.
622 2164 653 2189 D.
674 2164 699 2188 II
718 2165 735 2197 ξ
755 2163 789 2188 64
809 2164 883 2196 sqq.).
