1773 2449
644 129 679 150 De
694 129 758 150 Iano
774 134 869 149 summo
885 128 1050 149 Romanorum
1066 129 1117 149 deo.
1555 112 1595 142 ¹3

180 202 351 244 posteriora,
375 206 407 234 ut
430 214 506 245 quae
530 204 695 246 posteriora
718 203 885 243 videantur,
909 203 1008 244 priora
1034 222 1074 225 —
1101 203 1131 233 id
1154 202 1232 244 quod
1252 202 1431 244 mythologis
1448 202 1594 245 imprimis

179 263 222 290 est
246 262 387 292 memoria
412 263 580 292 tenendum.
628 262 708 291 Nam
737 264 891 302 propterea
929 261 1008 301 quod
1037 261 1231 301 potentissimi
1259 261 1305 291 dei
1330 265 1358 290 et
1385 261 1412 290 T
1412 262 1466 291 hor
1489 266 1517 292 et
1542 261 1594 297 Ια-

181 328 240 348 nus
253 318 283 358 *)
307 323 400 360 erant,
422 320 487 350 ideo
511 319 636 350 tutelam
660 329 760 350 eorum
785 318 840 350 sibi
870 318 991 360 suisque
1015 329 1120 360 parare
1144 318 1278 349 homines
1302 318 1478 349 studuerunt
1501 319 1594 349 nomi—

180 386 250 406 num
277 381 375 407 tamen
402 378 432 407 vi
457 378 489 407 in
515 378 648 417 partibus
672 377 839 407 dividendis
865 377 940 414 (Liv.
965 378 994 416 8,
1021 376 1073 414 025)
1098 387 1156 407 non
1182 387 1300 417 prorsus
1325 376 1467 415 neglecta.

265 433 475 464 Humilitatem
499 434 618 464 Foreuli
642 437 671 464 et
695 434 867 473 Limentini,
903 444 978 474 quae
1006 434 1130 463 numina
1161 434 1198 463 ad
1223 434 1299 464 fores
1323 437 1352 463 et
1376 434 1481 463 limina
1506 435 1595 474 perti-

181 496 260 531 nent,
285 495 488 533 comparatam
513 492 645 523 Roseher
670 492 700 531 (l.
725 503 748 522 e.
770 503 797 533 p.
823 492 874 529 30)
899 492 971 522 satis
995 492 1176 533 simpliciter,
1201 503 1233 522 eo
1258 495 1389 531 excusat,
1409 492 1488 533 quod
1505 492 1594 523 limen

180 552 209 579 et
233 549 310 579 fores
335 551 433 589 partes
457 549 662 579 tantummodo
686 549 747 579 iani
772 549 820 579 vel
843 549 950 579 ianuae
975 550 1041 579 sint.
1089 550 1185 585 Quam
1210 550 1247 578 ob
1272 559 1332 578 rem
1359 550 1470 588 ianum,
1494 553 1527 579 ut
1544 551 1594 590 qui

179 606 298 637 notione
322 606 360 637 sit
385 606 473 638 latius
498 610 610 649 patens,
635 607 721 637 deum
745 606 920 648 ampliorem
944 610 973 637 et
997 606 1223 645 honoratiorem,
1248 606 1389 646 imaginis
1418 606 1530 637 seilicet
1554 607 1594 638 si-

179 664 288 703 milem,
315 675 483 704 procreasse
508 669 599 706 putat.
647 665 725 701 Quid
750 676 819 695 vero
844 666 898 696 hoe
922 666 1147 695 incredibilius?
1166 684 1205 687 —
1224 665 1282 695 Pro
1299 669 1378 695 certo
1394 666 1471 695 enim
1490 666 1593 704 habeo,

179 721 203 751 si
228 721 372 751 eiusmodi
397 721 500 752 fuisset
519 722 601 761 origo
615 722 701 762 ‘'Iani,
729 722 926 752 humilitatem
956 722 1080 752 eaiidem
1109 732 1224 762 semper
1249 732 1472 762 permansuram
1497 722 1594 752 fuisse.

179 779 337 810 Praeterea
361 790 418 810 non
441 784 484 811 est
509 780 683 811 incredibile
707 780 922 821 antiquissimis
947 780 1005 810 illis
1029 780 1218 821 temporibus,
1242 766 1349 820 quibus
1374 780 1489 810 exstitit
1513 780 1594 811 notio

181 837 276 879 prima
312 837 379 868 Iani
416 838 470 878 dei,
495 838 608 877 ianuas,
632 839 656 869 si
682 849 758 879 quae
782 844 887 878 essent,
911 841 940 868 et
965 838 1076 869 foribus
1100 842 1129 868 et
1153 837 1307 868 liminibus
1331 838 1466 868 caruisse.
1515 837 1593 868 Nam

180 906 275 936 neque
299 896 388 926 urbes
412 896 562 927 habebant
588 907 681 937 neque
705 897 839 927 aedificia
868 896 923 927 sibi
946 896 1116 926 etiamnunc
1141 896 1337 926 aedificabant
1366 896 1452 936 prisci
1479 895 1522 926 illi
1543 896 1594 926 ho-

181 954 276 985 mines
301 957 444 994 vagantes
468 958 497 984 et
521 965 632 996 pasena
652 958 844 996 peragrantes
869 965 935 984 eum
961 954 1101 994 gregibus
1113 954 1164 991 **).
1212 953 1289 984 Deos
1313 957 1413 983 tamen
1439 954 1497 983 iam
1524 957 1594 984 tune

180 1011 247 1043 illos
271 1012 394 1044 coluisse
415 1023 430 1043 e
455 1013 637 1044 carminibus
673 1013 783 1044 vedieis
818 1013 996 1054 comparatis
1020 1012 1156 1043 <·oneludi
1177 1011 1246 1042 lieet
1270 1012 1327 1052 (cfr
1350 1011 1458 1042 librum
1484 1022 1594 1042 meum:

181 1070 348 1109 Indogerm.
374 1070 401 1101 h.
427 1081 455 1110 g.
481 1082 507 1112 p.
535 1071 595 1108 ⁶21).
643 1070 726 1102 Oasis
750 1071 978 1112 simplicissimis
999 1082 1051 1112 pro
1076 1071 1211 1101 domibus
1234 1071 1298 1101 sine
1322 1070 1411 1101 dubio
1435 1071 1595 1101 utebantur

180 1127 236 1167 (cfr
271 1127 395 1159 Charles
427 1128 523 1168 Ploix,
559 1129 673 1159 Nature
702 1129 752 1160 des
776 1129 866 1159 dieux
891 1140 917 1170 p.
947 1130 1009 1159 110
1034 1130 1088 1169 sq.)
1113 1139 1237 1168 quarum
1264 1128 1410 1159 foramina
1435 1132 1463 1158 et
1488 1129 1595 1159 ianuae

179 1188 208 1215 et
231 1185 377 1216 fenestrae
401 1189 493 1216 erant.

265 1244 321 1274 Sed
346 1244 405 1274 alia
430 1244 594 1282 verborum,
631 1255 707 1284 quae
743 1248 811 1274 sunt
847 1245 940 1274 ianus
968 1247 997 1274 et
1022 1245 1127 1281 imma,
1154 1243 1375 1285 explicatio‘ad
1400 1254 1460 1274 rem
1487 1243 1594 1274 diiudi-

179 1301 306 1332 candam
330 1301 396 1343 plus
421 1301 540 1332 valebit.
587 1301 666 1332 Nam
692 1302 811 1332 fuerunt
839 1302 938 1341 etiam,
958 1302 1008 1342 qui
1035 1302 1155 1332 nomina
1181 1302 1232 1331 illa
1256 1301 1293 1331 ad
1318 1302 1448 1331 radicem
1473 1302 1526 1331 div
1550 1313 1593 1331 re-

180 1361 297 1391 ferrent.
345 1360 393 1390 Ita
416 1360 535 1401 quidem
560 1360 649 1390 Breal
673 1364 701 1390 et
727 1360 825 1401 Bailly
840 1360 902 1399 ***)
926 1360 1066 1400 (Dietion.
1083 1364 1171 1401 etym.
1198 1360 1245 1390 lat.
1271 1371 1291 1391 s.
1309 1371 1335 1390 v.
1353 1361 1470 1399 itmua),
1486 1361 1594 1401 quibus

180 1419 339 1448 assentitur
363 1418 488 1448 Charles
512 1418 599 1448 Ploix
624 1418 706 1457 (Nat.
732 1418 782 1448 des
802 1418 892 1448 dieux
916 1430 942 1459 p.
972 1419 1054 1457 111).
1102 1418 1185 1454 Quod
1207 1418 1230 1448 51
1255 1418 1297 1448 ita
1320 1421 1372 1457 est,
1397 1417 1461 1448 luee
1486 1418 1594 1448 elarius

180 1480 223 1506 est
247 1476 354 1506 Ianum
379 1476 551 1517 appellativi
581 1476 709 1506 nominis
744 1476 913 1506 interventu
943 1476 974 1505 111
998 1476 1104 1506 summi
1131 1476 1176 1505 dei
1201 1476 1340 1506 honorem
1366 1476 1532 1506 ascendisse
1557 1486 1594 1506 ne

180 1533 304 1572 cogitari
329 1533 447 1573 quidem
472 1544 561 1574 posse.
610 1533 686 1563 Nam
713 1533 800 1563 ianus
825 1533 872 1563 vel
896 1534 986 1563 ianua
1011 1533 1106 1563 locum
1130 1533 1223 1563 solum
1251 1533 1296 1563 vel
1314 1533 1446 1563 foramen
1463 1533 1519 1572 (cfr
1535 1538 1594 1572 got.

181 1592 360 1629 (ιιιθαᾶαιινο
385 1591 403 1622 i.
429 1602 451 1622 e.
477 1591 564 1622 ianua
589 1591 740 1622 oculorum
768 1591 812 1622 vel
834 1591 928 1632 lueis),
959 1602 1017 1633 quo
1054 1592 1145 1622 intret
1165 1591 1217 1622 lux
1243 1591 1289 1622 vel
1314 1591 1376 1622 dies
1400 1591 1594 1631 (dagsljuset),

180 1654 243 1680 tum
280 1654 373 1691 potest
410 1649 584 1689 significare.
636 1649 727 1680 Ianus
751 1654 849 1680 autem
874 1663 901 1680 >
916 1649 1058 1689 *1)1311115,
1083 1650 1165 1680 cuius
1190 1650 1270 1680 notio
1295 1650 1435 1691 primaria
1459 1650 1594 1679 mindens

181 1707 228 1738 vel
252 1708 390 1738 caelesti-s·
424 1708 488 1747 fuit,
522 1707 605 1748 quasi
643 1708 707 1738 fons
739 1708 830 1748 ipsius
854 1707 928 1737 lueis
956 1710 999 1737 est
1023 1707 1184 1746 habendus,
1209 1718 1299 1748 quare
1325 1708 1404 1748 prior
1430 1708 1593 1737 necessario

181 1770 231 1796 est.
279 1766 436 1796 Praeterea
460 1766 575 1796 caelum
599 1777 714 1806 quoque
739 1766 804 1796 dies
824 1776 841 1796 a
859 1765 1003 1807 principio
1020 1765 1209 1805 significavit,
1227 1769 1259 1795 ut
1277 1765 1334 1795 iam
1352 1776 1441 1806 supra
1455 1765 1593 1796 diximus.

181 1824 237 1854 Sed
263 1827 294 1853 ut
319 1824 462 1854 rationem
488 1824 606 1854 illorum
631 1824 759 1863 inanem,
782 1824 833 1864 qui
858 1824 965 1854 Ianum
982 1824 1088 1854 ianuas
1102 1831 1323 1865 repraesentare
1348 1824 1525 1863 censuerint,
1550 1834 1593 1853 re-

273 1964 300 1996 *)
319 1964 364 1988 Cfr
384 1964 473 1989 Caton.
494 1966 525 1989 de
544 1974 572 1989 re
592 1968 666 1994 rust.‚
687 1965 750 1989 134:
780 1965 847 1990 Iane
871 1967 955 1996 paler,
985 1967 1008 1989 te
1033 1973 1134 1996 precor,
1155 1966 1193 1989 uli
1212 1966 1250 1989 sis
1271 1965 1354 1989 rolens
1370 1965 1502 1995 propinus
1522 1963 1592 1993 mihi,

182 2008 318 2037 liberisque
338 2009 407 2035 ηιοῐε,
428 2007 498 2032 domo
510 2008 685 2038 familiaeque
704 2016 782 2032 meae.

255 2050 300 2084 M4)
321 2050 365 2075 Cfr
385 2051 541 2082 Hertzberg,
561 2051 713 2075 Gesehichte
733 2060 783 2076 von
802 2052 893 2077 Hellas
914 2052 965 2076 und
985 2052 1047 2075 Rom
1069 2052 1093 2075 11
1114 2061 1139 2084 p.
1155 2052 1178 2076 7.

236 2094 297 2128 Ηῧ)
318 2095 351 2119 Hi
376 2095 445 2127 apud
468 2095 640 2126 francogallos
665 2096 729 2126 jem·
758 2096 836 2120 etiam
866 2098 998 2120 amm-turc
1018 2096 1165 2127 significare
1184 2096 1217 2119 ad
1238 2105 1289 2120 rem
1309 2095 1467 2127 probandam
1489 2103 1594 2118 comme—

182 2141 291 2163 morant.
334 2138 430 2162 Eadem
458 2139 511 2162 fere
540 2139 669 2162 sententia
697 2141 735 2163 est
764 2139 871 2168 Jordan,
892 2139 936 2171 qui
955 2139 1029 2170 (Top.
1051 2139 1075 2162 ll
1096 2147 1120 2170 p.
1141 2139 1203 2171 214)
1225 2140 1314 2163 ianam
1335 2142 1359 2162 et
1382 2139 1489 2162 ianuam
1511 2138 1594 2162 ‘Lich-

183 2182 265 2213 tung',
287 2182 374 2206 'lichte
394 2178 522 2214 Offuung’,
543 2182 643 2206 ’offeues-
663 2182 739 2206 'rhox-⁷
760 2192 775 2207 a
795 2183 923 2215 principio
944 2183 1090 2214 significare
1110 2185 1194 2214 putat⁴
