1773 2449
1535 103 1578 133 45

637 124 673 146 De
688 124 748 146 Iano
764 129 859 145 summo
874 122 1042 144 Romanorum
1058 122 1109 143 deu.

261 200 364 241 Neque
388 186 475 231 aliter
498 201 534 231 de
557 200 660 230 eodem
676 199 787 239 templo
803 201 1013 229 commemorat
1026 197 1204 227 Plutarchus
1228 196 1326 232 (Num.
1353 197 1418 235 20ss
1446 195 1517 226 ἔστι
1540 194 1580 225 ὁὲ

169 258 269 289 αὐτοῦ
292 246 344 292 mi
368 260 450 300 νεὼς
471 256 508 288 ὲν
530 257 629 298 Ῥώμῃ
652 256 791 297 ὁίθυρος,
817 256 855 286 δν
874 255 1020 294 πολέμου
1039 256 1143 296 πύλην
1166 255 1327 285 καλοῦσιν.

261 318 322 348 Cur
345 316 415 347 belli
440 320 570 357 tempore
594 314 692 346 claudi
716 318 746 345 et
770 325 843 355 pace
866 313 974 355 aperiri
998 313 1104 344 soleret
1128 312 1271 354 templum
1289 311 1364 351 Iani,
1385 322 1422 342 ne
1438 311 1514 342 inter
1526 322 1578 342 an-

171 375 268 415 tiquos
294 373 414 415 quidem
442 372 597 414 scriptores
621 372 693 403 satis
716 371 863 402 convenit.
910 370 974 401 Alii
998 370 1078 401 enim
1103 373 1245 411 putarunt
1269 369 1339 399 belli
1363 368 1483 408 genium
1509 379 1578 409 paee

170 433 279 476 templo
305 432 451 465 inclusum
486 435 516 464 et
544 442 562 463 a
588 430 663 463 Iano
682 430 868 471 custoditum,
891 440 959 461 cum
984 428 1093 460 bellum
1120 431 1196 460 esset
1218 430 1398 469 susceptum,
1422 425 1459 457 ad
1484 425 1580 457 hostes

170 491 360 533 depellendos
384 491 487 521 emitti.
534 490 582 520 Ita
603 489 738 529 Vergilio
761 490 850 529 (Aen.
875 488 899 527 1,
925 489 990 518 293
1014 488 1092 528 sqq.)
1117 497 1287 528 persuasum
1310 497 1373 516 esse
1394 485 1521 515 videtur:
1541 504 1577 506 —

173 568 211 571 —
249 550 338 579 (lirae
362 549 453 586 ferro
488 551 515 578 et
546 547 739 585 compagibus
763 545 843 576 artis
866 546 1051 576 claudentur
1074 544 1158 574 Belli
1177 547 1300 581 φονέως,-
1337 542 1439 572 Furor
1464 543 1581 580 impius

169 607 254 636 intus
290 606 378 636 salva
413 606 519 636 sedens
554 597 649 642 super*
665 614 765 645 ‘arma
793 606 821 634 et
848 606 966 634 centum
993 603 1125 633 vinctum
1151 602 1237 632 aenis
1257 603 1326 640 post
1350 603 1466 639 teryum
1492 601 1580 631 rwdis

167 664 278 701 fremet
302 664 447 693 horridus
470 673 520 693 ore
541 665 671 693 cruento.
702 661 773 692 Alio
797 661 860 692 loco
884 661 973 701 (Aen.
999 660 1070 699 VII,
1096 660 1174 699 610)
1195 659 1302 690 Ianum
1318 659 1413 700 ipsum
1430 658 1580 688 custodem

169 721 282 752 inducit
313 720 402 752 idem:
440 739 479 742 —
516 730 569 751 nec
600 722 697 750 custos
733 719 854 750 absistit
889 719 995 749 limine
1020 717 1127 748 Ianus.
1155 736 1195 739 —-
1221 716 1283 747 Alii
1308 721 1411 747 contra
1435 715 1580 757 templum

170 779 236 809 Iani
271 789 331 809 non
366 778 436 809 belli
471 778 568 809 sedem
597 781 626 808 et
645 777 827 808 domicilium
853 780 995 817 putarunt
1018 776 1067 806 sed
1093 776 1185 816 ipsius
1209 775 1290 816 pacis
1315 779 1471 815 portasque
1495 774 1579 814 quasi

169 836 206 866 ad
231 846 334 877 pacem
358 836 437 866 intra
461 846 559 865 muros
583 835 759 865 servandam
784 834 884 864 claudi
908 833 1008 863 solere.
1058 833 1146 863 Hanc
1169 832 1347 870 sententiam
1364 832 1493 873 amplexi
1512 835 1580 862 sunt

167 898 197 925 et
221 894 363 925 Horatius
387 894 453 935 (Ep.
479 893 519 932 ΙΙ,
549 894 573 933 1,
599 892 685 932 0255):

258 953 462 990 Glaustraque
495 952 645 982 custodem
669 951 759 989 pacis
788 950 955 980 cohibentia
983 949 1097 979 Imaum
1125 955 1153 979 et
1178 949 1303 980 Ovidius
1326 949 1417 988 (Fast.
1443 949 1466 988 Ι,
1493 950 1579 988 281);

260 1010 336 1042 Pace
352 1012 442 1049 fores
461 1011 541 1050 obdo,
565 1020 602 1040 ne
618 1020 679 1049 qua
702 1010 856 1040 discedere
878 1009 981 1047 possit.

259 1069 341 1099 Inter
374 1069 559 1109 mythologos
595 1079 664 1098 vero
700 1068 875 1098 recentiores
903 1067 1026 1098 Charles
1053 1067 1140 1097 Ploix
1165 1068 1238 1106 (nat.
1260 1067 1310 1098 des
1334 1067 1424 1097 dieux
1450 1079 1475 1108 p.
1505 1068 1578 1103 108)

168 1126 308 1157 sacellum
341 1126 428 1157 rebus
463 1126 612 1168 suspensis
642 1129 777 1167 apertum
814 1124 903 1155 fuisse
931 1124 1077 1166 opinatur,
1106 1135 1143 1155 ne
1168 1125 1301 1166 perpetui
1326 1124 1432 1155 auxilii
1457 1125 1580 1155 societas

168 1185 245 1214 inter
268 1184 366 1219 deumv
380 1188 409 1215 et
433 1179 507 1223 illos,
530 1184 582 1225 qui
606 1183 674 1214 fidei
698 1183 761 1214 eius
777 1194 808 1213 se
825 1182 1048 1222 commisissent,
1065 1183 1259 1213 dirimeretur.
1297 1182 1480 1213 Sententiam
1498 1182 1579 1213 haud

168 1241 340 1272 dissimilem
375 1241 481 1282 Heyne
518 1241 601 1278 (Exc.
637 1241 674 1271 ad
704 1242 779 1271 Aen.
804 1240 828 1279 I,
852 1241 883 1276 9)
908 1240 1064 1281 amplexus
1088 1244 1143 1270 est:
1168 1259 1205 1261 —
1231 1240 1323 1271 ”bello
1347 1240 1458 1271 indicto
1482 1241 1579 1281 prisca>

168 1309 247 1330 more
272 1300 392 1341 patebat
416 1299 593 1330 adeuntibus
617 1302 646 1329 et
681 1298 939 1340 supplicantibus”.
989 1299 1088 1339 Atque
1108 1298 1222 1339 aliquid
1246 1298 1350 1329 saltem
1367 1298 1428 1329 veri
1453 1298 1498 1329 vel
1517 1299 1577 1329 veri

167 1357 273 1388 similis
285 1358 444 1398 unicuique
470 1358 575 1388 harum
600 1357 771 1398 opinionum
797 1357 883 1387 facile
904 1357 987 1387 inest.
1032 1357 1087 1387 Rei
1113 1367 1181 1387 vero
1205 1367 1321 1387 summa
1345 1357 1376 1387 in
1393 1368 1427 1387 eo
1445 1357 1578 1397 vertitur,

166 1414 245 1456 quod
281 1414 372 1445 Ianus
407 1425 425 1444 a
457 1414 602 1456 principio
638 1424 691 1455 pro
722 1413 776 1444 deo
803 1413 873 1444 belli
901 1417 945 1444 est
973 1413 1098 1444 habitus.
1147 1413 1224 1443 Nam
1254 1414 1329 1444 arcis
1354 1413 1488 1444 tutelaris
1508 1414 1580 1444 deus

167 1473 334 1513 (Quirinus)
370 1472 438 1503 belli
476 1473 547 1504 deus
577 1473 624 1512 sit,
649 1483 741 1514 paene
765 1475 808 1503 est
833 1482 957 1503 necesse.
1005 1473 1051 1503 Ac
1075 1483 1142 1503 cum
1166 1483 1221 1503 arx
1245 1472 1329 1513 quasi
1354 1472 1436 1504 sedes
1474 1472 1577 1515 imperi

167 1534 249 1569 esset,
274 1530 423 1561 custodem
444 1530 520 1560 arcis
545 1530 634 1561 totius
658 1530 762 1571 imperi
791 1530 905 1560 romani
935 1530 1084 1560 custodem
1106 1530 1194 1560 etiam
1212 1530 1413 1560 existimatum
1431 1541 1493 1560 esse
1510 1541 1578 1560 oon-

167 1592 340 1619 sentaneum
365 1591 415 1619 est.
455 1588 508 1618 Sin
533 1598 602 1618 vero
626 1587 662 1618 ad
688 1587 844 1628 imperium
869 1587 1103 1618 conservandum
1131 1587 1206 1618 bello
1230 1592 1294 1618 erat
1314 1598 1395 1629 opus,
1412 1588 1448 1618 ad
1467 1587 1577 1618 bellum

166 1645 329 1685 gerendum
353 1655 383 1675 se
407 1644 533 1675 contulit
557 1645 635 1675 deus.
684 1644 802 1674 Bellum
826 1645 906 1674 enim
931 1645 1015 1684 quasi
1041 1645 1089 1674 via
1113 1648 1185 1684 erat,
1209 1656 1269 1685 qua
1290 1656 1348 1686 pax
1366 1649 1394 1675 et
1411 1645 1579 1685 tranquilli—

166 1708 211 1734 tas
247 1703 365 1734 turbata
400 1702 513 1734 civitati
550 1706 710 1744 pararetur.
758 1702 864 1744 Itaque
892 1706 971 1734 tutor
993 1703 1069 1734 areis
1089 1706 1118 1734 et
1142 1703 1272 1734 civitatis
1296 1703 1387 1734 etiam
1413 1703 1481 1734 belli
1506 1703 1578 1734 deus

166 1764 210 1791 est
237 1761 340 1791 factus.
388 1761 435 1791 Ac
463 1771 529 1791 cum
558 1761 595 1791 ad
620 1761 775 1801 imperium
800 1761 1015 1791 defendendum
1042 1761 1087 1791 vel
1112 1761 1321 1792 stabiliendum
1348 1761 1579 1802 proficisceretur

167 1817 324 1858 exercitus,
356 1817 420 1849 sine
456 1818 546 1849 dubio
570 1818 657 1849 deum
681 1818 777 1860 ipsum
814 1818 896 1860 sequi
932 1818 1020 1860 prisci
1048 1818 1093 1849 illi
1118 1818 1255 1849 homines
1279 1819 1446 1849 credebant.
1495 1818 1579 1849 Haec

166 1876 246 1907 enim
283 1876 441 1917 persuasio,
469 1876 581 1918 opinor,
615 1888 704 1908 causa
735 1881 799 1908 erat
828 1877 925 1919 prima
948 1877 1050 1919 templi
1075 1878 1236 1919 aperiendi.
1283 1878 1363 1908 Nam
1388 1882 1475 1918 recte,
1500 1882 1578 1920 puto,

166 1934 238 1965 dicit
273 1933 387 1965 Preller
415 1934 511 1972 (Rom.
535 1934 631 1975 Myth.
646 1932 657 1947 ⁸
681 1934 697 1965 I
721 1946 749 1976 p,
778 1935 853 1974 174)
877 1935 1022 1977 templum
1046 1939 1182 1977 apertum
1207 1936 1294 1966 deum
1320 1936 1416 1977 ipsum
1440 1936 1576 1966 comitem

166 1991 308 2024 exercitui
321 2002 351 2023 se
368 1992 557 2033 praebentem
575 1992 736 2033 symbolice
756 1992 909 2024 ostendere
925 2011 963 2015 -—
978 1992 1090 2024 Horam
1116 1993 1242 2033 Quirini,
1266 1993 1351 2024 deam
1378 1993 1460 2023 illam
1485 1992 1577 2023 felici-

166 2050 244 2090 tatis,
278 2049 313 2080 de
348 2060 408 2090 qua
444 2050 621 2081 mentionem
648 2050 717 2081 feeit
740 2049 919 2081 Plutarchus
942 2050 973 2080 in
998 2050 1115 2087 Quaest.
1140 2051 1224 2081 Rom.
1249 2061 1273 2081 c..
1298 2051 1351 2090 46,
1371 2051 1402 2081 in
1426 2061 1578 2092 compara-

166 2108 276 2139 tionem
313 2119 429 2140 vocans.
475 2108 580 2150 Neque
615 2108 702 2140 aliter
737 2108 886 2139 concludit
921 2108 1090 2139 Macrobius
1126 2108 1259 2146 (Saturn.v
1282 2109 1306 2149 Ι,
1327 2110 1355 2149 9,
1384 2109 1445 2148 18):
1470 2108 1521 2139 Ea
1547 2119 1579 2139 re

161 2166 320 2207 placitam,
344 2170 377 2198 ut
412 2167 483 2198 belli
506 2170 636 2206 tempore
663 2167 740 2198 velut
765 2167 806 2198 ad
832 2167 916 2197 urbis
940 2167 1094 2198 auxilium
1116 2168 1251 2205 profecto
1275 2168 1327 2197 (leo
1345 2169 1437 2205 fores
1461 2177 1578 2197 resera-
