<?xml version="1.0" encoding="UTF-8"?>
<!DOCTYPE html PUBLIC "-//W3C//DTD XHTML 1.0 Transitional//EN"
    "http://www.w3.org/TR/xhtml1/DTD/xhtml1-transitional.dtd">
<html xmlns="http://www.w3.org/1999/xhtml" xml:lang="en" lang="en">
 <head>
  <title>
</title>
<meta http-equiv="Content-Type" content="text/html;charset=utf-8" />
  <meta name='ocr-system' content='tesseract 3.04.00' />
  <meta name='ocr-capabilities' content='ocr_page ocr_carea ocr_par ocr_line ocrx_word'/>
</head>
<body>
  <div class='ocr_page' id='page_1' title='image "./4630595_0059.png"; bbox 0 0 1773 2449; ppageno 0'>
   <div class='ocr_carea' id='block_1_1' title="bbox 631 107 1577 145">
    <p class='ocr_par' dir='ltr' id='par_1_1' title="bbox 631 107 1577 145">
     <span class='ocr_line' id='line_1_1' title="bbox 631 107 1577 145; baseline -0.002 0"><span class='ocrx_word' id='word_1_1' title='bbox 631 122 665 145; x_wconf 79' lang='lat' dir='ltr'><strong>De</strong></span> <span class='ocrx_word' id='word_1_2' title='bbox 680 123 741 145; x_wconf 65' lang='lat' dir='ltr'><strong>Iano</strong></span> <span class='ocrx_word' id='word_1_3' title='bbox 756 129 851 144; x_wconf 77' lang='lat' dir='ltr'><strong>summo</strong></span> <span class='ocrx_word' id='word_1_4' title='bbox 866 121 1032 144; x_wconf 68' lang='lat' dir='ltr'><strong>Romanorum</strong></span> <span class='ocrx_word' id='word_1_5' title='bbox 1048 123 1098 144; x_wconf 77' lang='lat' dir='ltr'><strong>deo.</strong></span> <span class='ocrx_word' id='word_1_6' title='bbox 1538 107 1577 137; x_wconf 71' lang='lat'><strong>51</strong></span> 
     </span>
    </p>
   </div>
   <div class='ocr_carea' id='block_1_2' title="bbox 170 197 1579 295">
    <p class='ocr_par' dir='ltr' id='par_1_2' title="bbox 170 197 1579 295">
     <span class='ocr_line' id='line_1_2' title="bbox 170 197 1579 242; baseline 0 -13"><span class='ocrx_word' id='word_1_7' title='bbox 170 198 242 238; x_wconf 85' lang='lat' dir='ltr'><strong>VII,</strong></span> <span class='ocrx_word' id='word_1_8' title='bbox 271 199 355 236; x_wconf 89' lang='grc'><strong>610).</strong></span> <span class='ocrx_word' id='word_1_9' title='bbox 402 198 635 242; x_wconf 82' lang='lat' dir='ltr'><strong>Convenientius</strong></span> <span class='ocrx_word' id='word_1_10' title='bbox 662 202 762 229; x_wconf 84' lang='lat' dir='ltr'><strong>tamen</strong></span> <span class='ocrx_word' id='word_1_11' title='bbox 783 197 908 228; x_wconf 88' lang='lat' dir='ltr'><strong>Ovidius</strong></span> <span class='ocrx_word' id='word_1_12' title='bbox 931 197 1087 229; x_wconf 80' lang='lat' dir='ltr'><strong>caelestem</strong></span> <span class='ocrx_word' id='word_1_13' title='bbox 1111 208 1179 228; x_wconf 85' lang='lat' dir='ltr'><strong>eum</strong></span> <span class='ocrx_word' id='word_1_14' title='bbox 1203 197 1357 228; x_wconf 76' lang='lat' dir='ltr'><strong>ianitorem</strong></span> <span class='ocrx_word' id='word_1_15' title='bbox 1385 198 1479 239; x_wconf 81' lang='lat' dir='ltr'><strong>fingit,</strong></span> <span class='ocrx_word' id='word_1_16' title='bbox 1508 208 1579 229; x_wconf 86' lang='lat' dir='ltr'><strong>nam</strong></span> 
     </span>
     <span class='ocr_line' id='line_1_3' title="bbox 170 254 905 295; baseline -0.001 -10"><span class='ocrx_word' id='word_1_17' title='bbox 170 254 233 295; x_wconf 87' lang='lat' dir='ltr'><strong>ipse</strong></span> <span class='ocrx_word' id='word_1_18' title='bbox 257 255 328 285; x_wconf 88' lang='lat' dir='ltr'><strong>deus</strong></span> <span class='ocrx_word' id='word_1_19' title='bbox 352 255 445 294; x_wconf 79' lang='lat' dir='ltr'><strong>(Fast.</strong></span> <span class='ocrx_word' id='word_1_20' title='bbox 465 255 489 294; x_wconf 88' lang='lat' dir='ltr'><strong>I,</strong></span> <span class='ocrx_word' id='word_1_21' title='bbox 517 254 595 295; x_wconf 71' lang='lat'>125)</span> <span class='ocrx_word' id='word_1_22' title='bbox 618 254 770 284; x_wconf 84' lang='lat' dir='ltr'><strong>inducitur</strong></span> <span class='ocrx_word' id='word_1_23' title='bbox 792 254 905 284; x_wconf 91' lang='lat' dir='ltr'><strong>dicens:</strong></span> 
     </span>
    </p>
   </div>
   <div class='ocr_carea' id='block_1_3' title="bbox 472 323 1248 363">
    <p class='ocr_par' dir='ltr' id='par_1_3' title="bbox 472 323 1248 363">
     <span class='ocr_line' id='line_1_4' title="bbox 472 323 1248 363; baseline -0.001 -8"><span class='ocrx_word' id='word_1_24' title='bbox 472 324 635 355; x_wconf 70' lang='lat' dir='ltr'><strong>praesideo</strong></span> <span class='ocrx_word' id='word_1_25' title='bbox 651 325 779 363; x_wconf 75' lang='lat' dir='ltr'><strong>foribus</strong></span> <span class='ocrx_word' id='word_1_26' title='bbox 801 324 880 355; x_wconf 76' lang='lat' dir='ltr'><strong>caeli</strong></span> <span class='ocrx_word' id='word_1_27' title='bbox 901 334 971 355; x_wconf 76' lang='lat' dir='ltr'><strong>cum</strong></span> <span class='ocrx_word' id='word_1_28' title='bbox 996 324 1121 355; x_wconf 73' lang='lat' dir='ltr'><strong>mitibus</strong></span> <span class='ocrx_word' id='word_1_29' title='bbox 1143 323 1248 355; x_wconf 75' lang='lat' dir='ltr'><strong>Horis.</strong></span> 
     </span>
    </p>
   </div>
   <div class='ocr_carea' id='block_1_4' title="bbox 164 404 1583 2059">
    <p class='ocr_par' dir='ltr' id='par_1_4' title="bbox 167 404 1583 837">
     <span class='ocr_line' id='line_1_5' title="bbox 170 404 1580 446; baseline 0 -11"><span class='ocrx_word' id='word_1_30' title='bbox 170 405 220 435; x_wconf 88' lang='lat' dir='ltr'><strong>Ad</strong></span> <span class='ocrx_word' id='word_1_31' title='bbox 244 405 350 436; x_wconf 87' lang='lat' dir='ltr'><strong>Ianum</strong></span> <span class='ocrx_word' id='word_1_32' title='bbox 376 405 469 445; x_wconf 89' lang='lat' dir='ltr'><strong>igitur</strong></span> <span class='ocrx_word' id='word_1_33' title='bbox 493 406 647 436; x_wconf 74' lang='lat' dir='ltr'><strong>ianitorem</strong></span> <span class='ocrx_word' id='word_1_34' title='bbox 672 406 858 446; x_wconf 81' lang='lat' dir='ltr'><strong>cognomina,</strong></span> <span class='ocrx_word' id='word_1_35' title='bbox 882 416 958 446; x_wconf 88' lang='lat' dir='ltr'><strong>quae</strong></span> <span class='ocrx_word' id='word_1_36' title='bbox 981 410 1051 436; x_wconf 92' lang='lat' dir='ltr'><strong>sunt</strong></span> <span class='ocrx_word' id='word_1_37' title='bbox 1075 405 1224 436; x_wconf 88' lang='lat' dir='ltr'><strong>Patultius</strong></span> <span class='ocrx_word' id='word_1_38' title='bbox 1247 409 1277 436; x_wconf 88' lang='lat' dir='ltr'><strong>et</strong></span> <span class='ocrx_word' id='word_1_39' title='bbox 1296 404 1416 436; x_wconf 86' lang='lat' dir='ltr'><strong>Clusius</strong></span> <span class='ocrx_word' id='word_1_40' title='bbox 1440 405 1487 435; x_wconf 90' lang='lat' dir='ltr'><strong>vel</strong></span> <span class='ocrx_word' id='word_1_41' title='bbox 1511 405 1580 435; x_wconf 89' lang='lat' dir='ltr'><strong>Clu-</strong></span> 
     </span>
     <span class='ocr_line' id='line_1_6' title="bbox 169 462 1582 505; baseline 0 -12"><span class='ocrx_word' id='word_1_42' title='bbox 169 463 271 503; x_wconf 85' lang='lat' dir='ltr'><strong>sivius,</strong></span> <span class='ocrx_word' id='word_1_43' title='bbox 295 464 394 495; x_wconf 83' lang='lat' dir='ltr'><strong>statim</strong></span> <span class='ocrx_word' id='word_1_44' title='bbox 420 468 489 494; x_wconf 85' lang='lat' dir='ltr'><strong>sunt</strong></span> <span class='ocrx_word' id='word_1_45' title='bbox 512 464 741 504; x_wconf 71' lang='lat' dir='ltr'><strong>accommodata,</strong></span> <span class='ocrx_word' id='word_1_46' title='bbox 765 475 841 505; x_wconf 87' lang='lat' dir='ltr'><strong>quae</strong></span> <span class='ocrx_word' id='word_1_47' title='bbox 864 475 933 494; x_wconf 89' lang='lat' dir='ltr'><strong>eum</strong></span> <span class='ocrx_word' id='word_1_48' title='bbox 957 463 1041 504; x_wconf 82' lang='lat' dir='ltr'><strong>quasi</strong></span> <span class='ocrx_word' id='word_1_49' title='bbox 1062 463 1167 494; x_wconf 86' lang='lat' dir='ltr'><strong>ianuas</strong></span> <span class='ocrx_word' id='word_1_50' title='bbox 1183 463 1364 505; x_wconf 83' lang='lat' dir='ltr'><strong>aperientem</strong></span> <span class='ocrx_word' id='word_1_51' title='bbox 1388 466 1418 494; x_wconf 89' lang='lat' dir='ltr'><strong>et</strong></span> <span class='ocrx_word' id='word_1_52' title='bbox 1442 462 1582 494; x_wconf 81' lang='lat' dir='ltr'><strong>clauden-</strong></span> 
     </span>
     <span class='ocr_line' id='line_1_7' title="bbox 169 520 1583 561; baseline 0 -11"><span class='ocrx_word' id='word_1_53' title='bbox 169 524 227 550; x_wconf 85' lang='lat' dir='ltr'><strong>tem</strong></span> <span class='ocrx_word' id='word_1_54' title='bbox 253 520 417 551; x_wconf 76' lang='lat' dir='ltr'><strong>describere</strong></span> <span class='ocrx_word' id='word_1_55' title='bbox 441 521 620 550; x_wconf 87' lang='lat' dir='ltr'><strong>viderentur.</strong></span> <span class='ocrx_word' id='word_1_56' title='bbox 668 521 858 561; x_wconf 86' lang='lat' dir='ltr'><strong>Etymologia</strong></span> <span class='ocrx_word' id='word_1_57' title='bbox 883 531 952 550; x_wconf 89' lang='lat' dir='ltr'><strong>vero</strong></span> <span class='ocrx_word' id='word_1_58' title='bbox 976 521 1051 550; x_wconf 79' lang='lat' dir='ltr'><strong>falsa</strong></span> <span class='ocrx_word' id='word_1_59' title='bbox 1074 521 1155 550; x_wconf 85' lang='lat' dir='ltr'><strong>ducti</strong></span> <span class='ocrx_word' id='word_1_60' title='bbox 1183 521 1257 550; x_wconf 68' lang='lat' dir='ltr'><strong>haec</strong></span> <span class='ocrx_word' id='word_1_61' title='bbox 1288 521 1389 551; x_wconf 87' lang='lat' dir='ltr'><strong>omnia</strong></span> <span class='ocrx_word' id='word_1_62' title='bbox 1417 521 1583 550; x_wconf 85' lang='lat' dir='ltr'><strong>finxerunt-</strong></span> 
     </span>
     <span class='ocr_line' id='line_1_8' title="bbox 168 577 1583 621; baseline -0.001 -12"><span class='ocrx_word' id='word_1_63' title='bbox 168 578 246 619; x_wconf 92' lang='lat' dir='ltr'><strong>quod</strong></span> <span class='ocrx_word' id='word_1_64' title='bbox 271 578 369 610; x_wconf 87' lang='lat' dir='ltr'><strong>verbis</strong></span> <span class='ocrx_word' id='word_1_65' title='bbox 384 578 495 620; x_wconf 80' lang='lat' dir='ltr'><strong>apertis</strong></span> <span class='ocrx_word' id='word_1_66' title='bbox 511 589 604 621; x_wconf 76' lang='lat' dir='ltr'><strong>paene</strong></span> <span class='ocrx_word' id='word_1_67' title='bbox 627 578 762 610; x_wconf 84' lang='lat' dir='ltr'><strong>concedit</strong></span> <span class='ocrx_word' id='word_1_68' title='bbox 785 577 955 609; x_wconf 82' lang='lat' dir='ltr'><strong>Macrobius</strong></span> <span class='ocrx_word' id='word_1_69' title='bbox 981 589 1031 609; x_wconf 86' lang='lat'><strong>—:</strong></span> <span class='ocrx_word' id='word_1_70' title='bbox 1057 577 1187 618; x_wconf 81' lang='lat' dir='ltr'><strong>”Ianum,</strong></span> <span class='ocrx_word' id='word_1_71' title='bbox 1208 577 1313 620; x_wconf 82' lang='lat' dir='ltr'><strong>inquit,</strong></span> <span class='ocrx_word' id='word_1_72' title='bbox 1337 577 1474 609; x_wconf 86' lang='lat' dir='ltr'><strong>omnibus</strong></span> <span class='ocrx_word' id='word_1_73' title='bbox 1499 587 1583 619; x_wconf 80' lang='lat' dir='ltr'><strong>prae-</strong></span> 
     </span>
     <span class='ocr_line' id='line_1_9' title="bbox 169 635 1582 678; baseline 0.001 -13"><span class='ocrx_word' id='word_1_74' title='bbox 169 646 232 666; x_wconf 86' lang='lat' dir='ltr'><strong>esse</strong></span> <span class='ocrx_word' id='word_1_75' title='bbox 268 636 365 667; x_wconf 91' lang='lat' dir='ltr'><strong>ianuis</strong></span> <span class='ocrx_word' id='word_1_76' title='bbox 394 647 498 667; x_wconf 73' lang='lat' dir='ltr'><strong>nomen</strong></span> <span class='ocrx_word' id='word_1_77' title='bbox 523 638 661 667; x_wconf 72' lang='lat' dir='ltr'><em>ostendit.</em></span> <span class='ocrx_word' id='word_1_78' title='bbox 709 637 821 668; x_wconf 87' lang='lat' dir='ltr'><strong>Eodem</strong></span> <span class='ocrx_word' id='word_1_79' title='bbox 845 637 907 667; x_wconf 85' lang='lat' dir='ltr'><strong>fere</strong></span> <span class='ocrx_word' id='word_1_80' title='bbox 931 637 1017 668; x_wconf 91' lang='lat' dir='ltr'><strong>modo</strong></span> <span class='ocrx_word' id='word_1_81' title='bbox 1041 637 1154 667; x_wconf 86' lang='lat' dir='ltr'><strong>Preller</strong></span> <span class='ocrx_word' id='word_1_82' title='bbox 1178 636 1226 676; x_wconf 87' lang='lat' dir='ltr'><strong>(R.</strong></span> <span class='ocrx_word' id='word_1_83' title='bbox 1251 636 1292 667; x_wconf 82' lang='lat' dir='ltr'><strong>M.</strong></span> <span class='ocrx_word' id='word_1_84' title='bbox 1318 635 1328 649; x_wconf 83' lang='lat'>³</span> <span class='ocrx_word' id='word_1_85' title='bbox 1354 648 1380 678; x_wconf 90' lang='lat' dir='ltr'><strong>p.</strong></span> <span class='ocrx_word' id='word_1_86' title='bbox 1409 637 1495 675; x_wconf 49' lang='lat'><strong>1723</strong></span> <span class='ocrx_word' id='word_1_87' title='bbox 1520 646 1582 667; x_wconf 90' lang='lat' dir='ltr'><strong>rem</strong></span> 
     </span>
     <span class='ocr_line' id='line_1_10' title="bbox 168 691 1582 734; baseline 0.001 -13"><span class='ocrx_word' id='word_1_88' title='bbox 168 691 319 732; x_wconf 84' lang='lat' dir='ltr'><strong>diiudicat,</strong></span> <span class='ocrx_word' id='word_1_89' title='bbox 344 693 497 724; x_wconf 83' lang='lat' dir='ltr'><strong>affirmans</strong></span> <span class='ocrx_word' id='word_1_90' title='bbox 517 693 630 724; x_wconf 85' lang='lat' dir='ltr'><strong>Romae</strong></span> <span class='ocrx_word' id='word_1_91' title='bbox 653 703 756 724; x_wconf 85' lang='lat' dir='ltr'><strong>omnes</strong></span> <span class='ocrx_word' id='word_1_92' title='bbox 780 697 879 734; x_wconf 84' lang='lat' dir='ltr'><strong>portas</strong></span> <span class='ocrx_word' id='word_1_93' title='bbox 894 703 1053 733; x_wconf 81' lang='lat' dir='ltr'><strong>omnesque</strong></span> <span class='ocrx_word' id='word_1_94' title='bbox 1070 694 1175 723; x_wconf 82' lang='lat' dir='ltr'><strong>ianuas</strong></span> <span class='ocrx_word' id='word_1_95' title='bbox 1191 693 1364 723; x_wconf 80' lang='lat' dir='ltr'><strong>memon&#39;am</strong></span> <span class='ocrx_word' id='word_1_96' title='bbox 1381 693 1447 724; x_wconf 86' lang='lat' dir='ltr'><strong>Iani</strong></span> <span class='ocrx_word' id='word_1_97' title='bbox 1465 694 1582 732; x_wconf 83' lang='lat' dir='ltr'><strong>referre,</strong></span> 
     </span>
     <span class='ocr_line' id='line_1_11' title="bbox 167 750 1580 792; baseline 0.001 -12"><span class='ocrx_word' id='word_1_98' title='bbox 167 750 277 792; x_wconf 87' lang='lat' dir='ltr'><strong>quippe</strong></span> <span class='ocrx_word' id='word_1_99' title='bbox 311 761 378 781; x_wconf 85' lang='lat' dir='ltr'><strong>cum</strong></span> <span class='ocrx_word' id='word_1_100' title='bbox 414 752 534 783; x_wconf 91' lang='lat' dir='ltr'><strong>nomine</strong></span> <span class='ocrx_word' id='word_1_101' title='bbox 563 752 629 789; x_wconf 80' lang='lat' dir='ltr'><strong>¹eius</strong></span> <span class='ocrx_word' id='word_1_102' title='bbox 665 752 726 783; x_wconf 85' lang='lat' dir='ltr'><strong>iani</strong></span> <span class='ocrx_word' id='word_1_103' title='bbox 759 752 806 782; x_wconf 82' lang='lat' dir='ltr'><strong>vel</strong></span> <span class='ocrx_word' id='word_1_104' title='bbox 830 752 937 782; x_wconf 85' lang='lat' dir='ltr'><strong>ianuae</strong></span> <span class='ocrx_word' id='word_1_105' title='bbox 964 751 1199 790; x_wconf 76' lang='lat' dir='ltr'><strong>nominarentur,</strong></span> <span class='ocrx_word' id='word_1_106' title='bbox 1224 751 1275 782; x_wconf 86' lang='lat' dir='ltr'><strong>sed</strong></span> <span class='ocrx_word' id='word_1_107' title='bbox 1300 761 1418 792; x_wconf 89' lang='lat' dir='ltr'><strong>prorsus</strong></span> <span class='ocrx_word' id='word_1_108' title='bbox 1443 761 1580 792; x_wconf 81' lang='lat' dir='ltr'><strong>perverse</strong></span> 
     </span>
     <span class='ocr_line' id='line_1_12' title="bbox 167 801 285 837; baseline 0 0"><span class='ocrx_word' id='word_1_109' title='bbox 167 801 285 837; x_wconf 82' lang='lat' dir='ltr'><strong>iudicat.</strong></span> 
     </span>
    </p>

    <p class='ocr_par' dir='ltr' id='par_1_5' title="bbox 165 863 1582 1595">
     <span class='ocr_line' id='line_1_13' title="bbox 252 863 1580 907; baseline -0.001 -12"><span class='ocrx_word' id='word_1_110' title='bbox 252 863 328 895; x_wconf 90' lang='lat' dir='ltr'><strong>Cum</strong></span> <span class='ocrx_word' id='word_1_111' title='bbox 342 875 411 896; x_wconf 88' lang='lat' dir='ltr'><strong>vero</strong></span> <span class='ocrx_word' id='word_1_112' title='bbox 435 865 544 896; x_wconf 79' lang='lat' dir='ltr'><strong>ianitor</strong></span> <span class='ocrx_word' id='word_1_113' title='bbox 567 869 642 896; x_wconf 85' lang='lat' dir='ltr'><strong>esset</strong></span> <span class='ocrx_word' id='word_1_114' title='bbox 667 865 761 896; x_wconf 84' lang='lat' dir='ltr'><strong>factus</strong></span> <span class='ocrx_word' id='word_1_115' title='bbox 786 864 885 905; x_wconf 78' lang='lat' dir='ltr'><strong>Ianus,</strong></span> <span class='ocrx_word' id='word_1_116' title='bbox 911 864 1078 907; x_wconf 86' lang='lat' dir='ltr'><strong>proximum</strong></span> <span class='ocrx_word' id='word_1_117' title='bbox 1098 868 1170 904; x_wconf 83' lang='lat' dir='ltr'><strong>erat,</strong></span> <span class='ocrx_word' id='word_1_118' title='bbox 1195 867 1227 895; x_wconf 81' lang='lat' dir='ltr'><strong>ut</strong></span> <span class='ocrx_word' id='word_1_119' title='bbox 1251 864 1352 896; x_wconf 84' lang='lat' dir='ltr'><strong>omnia</strong></span> <span class='ocrx_word' id='word_1_120' title='bbox 1374 864 1509 895; x_wconf 83' lang='lat' dir='ltr'><strong>ianitoris</strong></span> <span class='ocrx_word' id='word_1_121' title='bbox 1534 864 1580 894; x_wconf 94' lang='lat' dir='ltr'><strong>in-</strong></span> 
     </span>
     <span class='ocr_line' id='line_1_14' title="bbox 166 923 1580 964; baseline 0.001 -12"><span class='ocrx_word' id='word_1_122' title='bbox 166 923 265 962; x_wconf 88' lang='lat' dir='ltr'><strong>signia</strong></span> <span class='ocrx_word' id='word_1_123' title='bbox 300 923 326 953; x_wconf 87' lang='lat' dir='ltr'><strong>ei</strong></span> <span class='ocrx_word' id='word_1_124' title='bbox 357 924 597 954; x_wconf 81' lang='lat' dir='ltr'><strong>attribuerentur.</strong></span> <span class='ocrx_word' id='word_1_125' title='bbox 646 923 741 960; x_wconf 86' lang='lat' dir='ltr'><strong>Quam</strong></span> <span class='ocrx_word' id='word_1_126' title='bbox 775 924 813 954; x_wconf 91' lang='lat' dir='ltr'><strong>ob</strong></span> <span class='ocrx_word' id='word_1_127' title='bbox 843 934 903 954; x_wconf 85' lang='lat' dir='ltr'><strong>rem</strong></span> <span class='ocrx_word' id='word_1_128' title='bbox 928 927 956 953; x_wconf 85' lang='lat' dir='ltr'><strong>et</strong></span> <span class='ocrx_word' id='word_1_129' title='bbox 977 923 1062 963; x_wconf 81' lang='lat' dir='ltr'><strong>virga</strong></span> <span class='ocrx_word' id='word_1_130' title='bbox 1086 927 1115 953; x_wconf 90' lang='lat' dir='ltr'><strong>et</strong></span> <span class='ocrx_word' id='word_1_131' title='bbox 1139 923 1217 954; x_wconf 88' lang='lat' dir='ltr'><strong>clavi</strong></span> <span class='ocrx_word' id='word_1_132' title='bbox 1242 927 1364 954; x_wconf 77' lang='lat' dir='ltr'><strong>ornatus</strong></span> <span class='ocrx_word' id='word_1_133' title='bbox 1391 923 1522 964; x_wconf 83' lang='lat' dir='ltr'><strong>fingitur,</strong></span> <span class='ocrx_word' id='word_1_134' title='bbox 1548 926 1580 953; x_wconf 89' lang='lat' dir='ltr'><strong>ut</strong></span> 
     </span>
     <span class='ocr_line' id='line_1_15' title="bbox 167 981 1580 1021; baseline 0.001 -11"><span class='ocrx_word' id='word_1_135' title='bbox 167 984 292 1011; x_wconf 83' lang='lat' dir='ltr'><strong>testatur</strong></span> <span class='ocrx_word' id='word_1_136' title='bbox 327 981 404 1012; x_wconf 90' lang='lat' dir='ltr'><strong>idem</strong></span> <span class='ocrx_word' id='word_1_137' title='bbox 440 981 609 1018; x_wconf 81' lang='lat' dir='ltr'><strong>Macrobius</strong></span> <span class='ocrx_word' id='word_1_138' title='bbox 636 981 708 1021; x_wconf 88' lang='lat' dir='ltr'><strong>(Sat.</strong></span> <span class='ocrx_word' id='word_1_139' title='bbox 737 981 760 1021; x_wconf 91' lang='lat' dir='ltr'><strong>I⁷</strong></span> <span class='ocrx_word' id='word_1_140' title='bbox 786 982 814 1021; x_wconf 88' lang='grc'><strong>9,</strong></span> <span class='ocrx_word' id='word_1_141' title='bbox 841 982 882 1018; x_wconf 84' lang='lat'><strong>7&gt;:</strong></span> <span class='ocrx_word' id='word_1_142' title='bbox 908 981 986 1011; x_wconf 82' lang='lat' dir='ltr'><strong>Nam</strong></span> <span class='ocrx_word' id='word_1_143' title='bbox 1011 986 1040 1012; x_wconf 90' lang='lat' dir='ltr'><strong>et</strong></span> <span class='ocrx_word' id='word_1_144' title='bbox 1063 992 1130 1011; x_wconf 79' lang='lat' dir='ltr'><strong>eum</strong></span> <span class='ocrx_word' id='word_1_145' title='bbox 1155 981 1233 1012; x_wconf 85' lang='lat' dir='ltr'><strong>clavi</strong></span> <span class='ocrx_word' id='word_1_146' title='bbox 1258 992 1292 1012; x_wconf 86' lang='lat' dir='ltr'><strong>ac</strong></span> <span class='ocrx_word' id='word_1_147' title='bbox 1317 981 1402 1021; x_wconf 86' lang='lat' dir='ltr'><strong>virga</strong></span> <span class='ocrx_word' id='word_1_148' title='bbox 1426 981 1580 1021; x_wconf 81' lang='lat' dir='ltr'><strong>figuratur,</strong></span> 
     </span>
     <span class='ocr_line' id='line_1_16' title="bbox 166 1038 1580 1081; baseline -0.001 -12"><span class='ocrx_word' id='word_1_149' title='bbox 166 1038 251 1079; x_wconf 79' lang='lat' dir='ltr'><strong>quasi</strong></span> <span class='ocrx_word' id='word_1_150' title='bbox 275 1039 408 1069; x_wconf 88' lang='lat' dir='ltr'><strong>omnium</strong></span> <span class='ocrx_word' id='word_1_151' title='bbox 433 1044 462 1070; x_wconf 80' lang='lat' dir='ltr'><strong>et</strong></span> <span class='ocrx_word' id='word_1_152' title='bbox 487 1044 638 1081; x_wconf 85' lang='lat' dir='ltr'><strong>portarum</strong></span> <span class='ocrx_word' id='word_1_153' title='bbox 663 1044 759 1070; x_wconf 87' lang='lat' dir='ltr'><strong>custos</strong></span> <span class='ocrx_word' id='word_1_154' title='bbox 783 1044 812 1070; x_wconf 83' lang='lat' dir='ltr'><strong>et</strong></span> <span class='ocrx_word' id='word_1_155' title='bbox 836 1043 930 1070; x_wconf 86' lang='lat' dir='ltr'><strong>rector</strong></span> <span class='ocrx_word' id='word_1_156' title='bbox 954 1039 1079 1070; x_wconf 81' lang='lat' dir='ltr'><strong>viarum.</strong></span> <span class='ocrx_word' id='word_1_157' title='bbox 1129 1039 1226 1076; x_wconf 83' lang='lat' dir='ltr'><strong>Quare</strong></span> <span class='ocrx_word' id='word_1_158' title='bbox 1251 1039 1290 1070; x_wconf 85' lang='lat' dir='ltr'><strong>ab</strong></span> <span class='ocrx_word' id='word_1_159' title='bbox 1314 1038 1421 1070; x_wconf 83' lang='lat' dir='ltr'><strong>Ovidio</strong></span> <span class='ocrx_word' id='word_1_160' title='bbox 1445 1039 1537 1072; x_wconf 85' lang='lat' dir='ltr'><strong>(Fast.</strong></span> <span class='ocrx_word' id='word_1_161' title='bbox 1555 1038 1580 1078; x_wconf 88' lang='lat' dir='ltr'><strong>I,</strong></span> 
     </span>
     <span class='ocr_line' id='line_1_17' title="bbox 168 1095 1582 1138; baseline 0.001 -13"><span class='ocrx_word' id='word_1_162' title='bbox 168 1095 224 1134; x_wconf 87' lang='grc'><strong>99)</strong></span> <span class='ocrx_word' id='word_1_163' title='bbox 249 1095 340 1126; x_wconf 88' lang='lat' dir='ltr'><strong>Ianus</strong></span> <span class='ocrx_word' id='word_1_164' title='bbox 364 1096 473 1127; x_wconf 85' lang='lat' dir='ltr'><strong>ianitor</strong></span> <span class='ocrx_word' id='word_1_165' title='bbox 498 1108 584 1128; x_wconf 88' lang='lat' dir='ltr'><strong>verus</strong></span> <span class='ocrx_word' id='word_1_166' title='bbox 610 1097 655 1127; x_wconf 88' lang='lat' dir='ltr'><strong>vel</strong></span> <span class='ocrx_word' id='word_1_167' title='bbox 680 1101 777 1128; x_wconf 87' lang='lat' dir='ltr'><strong>eustos</strong></span> <span class='ocrx_word' id='word_1_168' title='bbox 801 1097 967 1134; x_wconf 75' lang='lat' dir='ltr'><strong>ianuarum,</strong></span> <span class='ocrx_word' id='word_1_169' title='bbox 991 1097 1130 1127; x_wconf 88' lang='lat' dir='ltr'><strong>omnibus</strong></span> <span class='ocrx_word' id='word_1_170' title='bbox 1158 1097 1292 1127; x_wconf 76' lang='lat' dir='ltr'><strong>ianitoris</strong></span> <span class='ocrx_word' id='word_1_171' title='bbox 1312 1097 1479 1137; x_wconf 77' lang='lat' dir='ltr'><strong>insignibus</strong></span> <span class='ocrx_word' id='word_1_172' title='bbox 1496 1107 1582 1138; x_wconf 59' lang='lat' dir='ltr'><strong>prae7</strong></span> 
     </span>
     <span class='ocr_line' id='line_1_18' title="bbox 166 1151 1581 1195; baseline 0.002 -13"><span class='ocrx_word' id='word_1_173' title='bbox 166 1151 247 1184; x_wconf 85' lang='lat' dir='ltr'><strong>ditus</strong></span> <span class='ocrx_word' id='word_1_174' title='bbox 282 1153 434 1184; x_wconf 82' lang='lat' dir='ltr'><strong>inducitur</strong></span> <span class='ocrx_word' id='word_1_175' title='bbox 457 1153 575 1185; x_wconf 83' lang='lat' dir='ltr'><strong>”tenens</strong></span> <span class='ocrx_word' id='word_1_176' title='bbox 600 1154 738 1185; x_wconf 86' lang='lat' dir='ltr'><strong>baculum</strong></span> <span class='ocrx_word' id='word_1_177' title='bbox 763 1153 870 1184; x_wconf 81' lang='lat' dir='ltr'><strong>dextra</strong></span> <span class='ocrx_word' id='word_1_178' title='bbox 893 1154 1066 1195; x_wconf 74' lang='lat' dir='ltr'><strong>clavemque</strong></span> <span class='ocrx_word' id='word_1_179' title='bbox 1090 1153 1233 1184; x_wconf 56' lang='lat' dir='ltr'><strong>sinistra‘.</strong></span> <span class='ocrx_word' id='word_1_180' title='bbox 1282 1154 1389 1184; x_wconf 81' lang='lat' dir='ltr'><strong>Ianum</strong></span> <span class='ocrx_word' id='word_1_181' title='bbox 1414 1154 1444 1184; x_wconf 94' lang='lat' dir='ltr'><strong>in</strong></span> <span class='ocrx_word' id='word_1_182' title='bbox 1469 1153 1581 1185; x_wconf 80' lang='lat' dir='ltr'><strong>fabulis</strong></span> 
     </span>
     <span class='ocr_line' id='line_1_19' title="bbox 165 1210 1581 1253; baseline 0.001 -13"><span class='ocrx_word' id='word_1_183' title='bbox 165 1220 232 1240; x_wconf 88' lang='lat' dir='ltr'><strong>cum</strong></span> <span class='ocrx_word' id='word_1_184' title='bbox 253 1210 376 1248; x_wconf 83' lang='lat' dir='ltr'><strong>Cardea,</strong></span> <span class='ocrx_word' id='word_1_185' title='bbox 400 1211 571 1242; x_wconf 87' lang='lat' dir='ltr'><strong>Limentino</strong></span> <span class='ocrx_word' id='word_1_186' title='bbox 584 1211 619 1251; x_wconf 82' lang='lat'><strong>*),</strong></span> <span class='ocrx_word' id='word_1_187' title='bbox 643 1211 778 1251; x_wconf 86' lang='lat' dir='ltr'><strong>Forculo,</strong></span> <span class='ocrx_word' id='word_1_188' title='bbox 794 1222 869 1253; x_wconf 85' lang='lat' dir='ltr'><strong>quae</strong></span> <span class='ocrx_word' id='word_1_189' title='bbox 885 1211 1006 1242; x_wconf 84' lang='lat' dir='ltr'><strong>nomina</strong></span> <span class='ocrx_word' id='word_1_190' title='bbox 1030 1222 1123 1253; x_wconf 90' lang='lat' dir='ltr'><strong>paene</strong></span> <span class='ocrx_word' id='word_1_191' title='bbox 1148 1212 1305 1252; x_wconf 69' lang='lat' dir='ltr'><strong>allegorice</strong></span> <span class='ocrx_word' id='word_1_192' title='bbox 1326 1215 1394 1242; x_wconf 88' lang='lat' dir='ltr'><strong>sunt</strong></span> <span class='ocrx_word' id='word_1_193' title='bbox 1418 1211 1581 1253; x_wconf 81' lang='lat' dir='ltr'><strong>accipenda</strong></span> 
     </span>
     <span class='ocr_line' id='line_1_20' title="bbox 165 1260 1580 1310; baseline 0.001 -12"><span class='ocrx_word' id='word_1_194' title='bbox 165 1268 355 1298; x_wconf 85' lang='lat' dir='ltr'><strong>coniunctum</strong></span> <span class='ocrx_word' id='word_1_195' title='bbox 379 1279 541 1308; x_wconf 84' lang='lat' dir='ltr'><strong>occurrere,</strong></span> <span class='ocrx_word' id='word_1_196' title='bbox 566 1280 625 1300; x_wconf 89' lang='lat' dir='ltr'><strong>non</strong></span> <span class='ocrx_word' id='word_1_197' title='bbox 649 1273 693 1300; x_wconf 89' lang='lat' dir='ltr'><strong>est</strong></span> <span class='ocrx_word' id='word_1_198' title='bbox 717 1260 836 1300; x_wconf 84' lang='lat' dir='ltr'><strong>mirum:</strong></span> <span class='ocrx_word' id='word_1_199' title='bbox 873 1280 963 1300; x_wconf 82' lang='lat' dir='ltr'><strong>eausa</strong></span> <span class='ocrx_word' id='word_1_200' title='bbox 990 1273 1034 1300; x_wconf 89' lang='lat' dir='ltr'><strong>est</strong></span> <span class='ocrx_word' id='word_1_201' title='bbox 1061 1273 1122 1300; x_wconf 86' lang='lat' dir='ltr'><strong>tota</strong></span> <span class='ocrx_word' id='word_1_202' title='bbox 1150 1269 1181 1299; x_wconf 90' lang='lat' dir='ltr'><strong>in</strong></span> <span class='ocrx_word' id='word_1_203' title='bbox 1206 1269 1348 1300; x_wconf 84' lang='lat' dir='ltr'><strong>continua</strong></span> <span class='ocrx_word' id='word_1_204' title='bbox 1383 1269 1580 1310; x_wconf 83' lang='lat' dir='ltr'><strong>etymologiae</strong></span> 
     </span>
     <span class='ocr_line' id='line_1_21' title="bbox 165 1325 1580 1368; baseline 0.001 -12"><span class='ocrx_word' id='word_1_205' title='bbox 165 1325 257 1356; x_wconf 84' lang='lat' dir='ltr'><strong>falsae</strong></span> <span class='ocrx_word' id='word_1_206' title='bbox 281 1326 395 1357; x_wconf 86' lang='lat' dir='ltr'><strong>ratione</strong></span> <span class='ocrx_word' id='word_1_207' title='bbox 420 1327 521 1368; x_wconf 80' lang='lat' dir='ltr'><strong>posita.</strong></span> <span class='ocrx_word' id='word_1_208' title='bbox 568 1326 644 1358; x_wconf 89' lang='lat' dir='ltr'><strong>Cum</strong></span> <span class='ocrx_word' id='word_1_209' title='bbox 668 1327 771 1358; x_wconf 84' lang='lat' dir='ltr'><strong>eadem</strong></span> <span class='ocrx_word' id='word_1_210' title='bbox 796 1327 909 1358; x_wconf 88' lang='lat' dir='ltr'><strong>ratione</strong></span> <span class='ocrx_word' id='word_1_211' title='bbox 933 1331 1012 1358; x_wconf 84' lang='lat' dir='ltr'><strong>arcte</strong></span> <span class='ocrx_word' id='word_1_212' title='bbox 1028 1327 1165 1358; x_wconf 84' lang='lat' dir='ltr'><strong>cohaeret</strong></span> <span class='ocrx_word' id='word_1_213' title='bbox 1182 1327 1259 1368; x_wconf 87' lang='lat' dir='ltr'><strong>quod</strong></span> <span class='ocrx_word' id='word_1_214' title='bbox 1273 1327 1364 1358; x_wconf 92' lang='lat' dir='ltr'><strong>Ianus</strong></span> <span class='ocrx_word' id='word_1_215' title='bbox 1377 1327 1473 1358; x_wconf 83' lang='lat' dir='ltr'><strong>omnis</strong></span> <span class='ocrx_word' id='word_1_216' title='bbox 1486 1326 1580 1358; x_wconf 68' lang='lat' dir='ltr'><strong>felicis</strong></span> 
     </span>
     <span class='ocr_line' id='line_1_22' title="bbox 165 1369 1580 1425; baseline 0.001 -12"><span class='ocrx_word' id='word_1_217' title='bbox 165 1382 303 1414; x_wconf 81' lang='lat' dir='ltr'><strong>introitus</strong></span> <span class='ocrx_word' id='word_1_218' title='bbox 326 1387 356 1414; x_wconf 90' lang='lat' dir='ltr'><strong>et</strong></span> <span class='ocrx_word' id='word_1_219' title='bbox 379 1384 476 1415; x_wconf 89' lang='lat' dir='ltr'><strong>exitus</strong></span> <span class='ocrx_word' id='word_1_220' title='bbox 500 1389 563 1415; x_wconf 83' lang='lat' dir='ltr'><strong>erat</strong></span> <span class='ocrx_word' id='word_1_221' title='bbox 586 1385 666 1415; x_wconf 83' lang='lat' dir='ltr'><strong>deus.</strong></span> <span class='ocrx_word' id='word_1_222' title='bbox 713 1384 766 1415; x_wconf 85' lang='lat' dir='ltr'><strong>Cfr</strong></span> <span class='ocrx_word' id='word_1_223' title='bbox 778 1384 929 1424; x_wconf 87' lang='lat' dir='ltr'><strong>Hartung,</strong></span> <span class='ocrx_word' id='word_1_224' title='bbox 942 1384 1005 1415; x_wconf 86' lang='lat' dir='ltr'><strong>Rel.</strong></span> <span class='ocrx_word' id='word_1_225' title='bbox 1020 1385 1072 1415; x_wconf 90' lang='lat' dir='ltr'><strong>der</strong></span> <span class='ocrx_word' id='word_1_226' title='bbox 1084 1384 1168 1414; x_wconf 63' lang='lat' dir='ltr'><strong>Rem.</strong></span> <span class='ocrx_word' id='word_1_227' title='bbox 1183 1384 1214 1414; x_wconf 88' lang='grc' dir='ltr'><strong>ΙΙ</strong></span> <span class='ocrx_word' id='word_1_228' title='bbox 1228 1395 1254 1425; x_wconf 91' lang='lat' dir='ltr'><strong>p.</strong></span> <span class='ocrx_word' id='word_1_229' title='bbox 1270 1384 1334 1414; x_wconf 70' lang='lat'><strong>219</strong></span> <span class='ocrx_word' id='word_1_230' title='bbox 1351 1369 1394 1406; x_wconf 55' lang='lat'><strong>—&gt;</strong></span> <span class='ocrx_word' id='word_1_231' title='bbox 1406 1384 1580 1423; x_wconf 78' lang='lat' dir='ltr'><strong>Buttmann,</strong></span> 
     </span>
     <span class='ocr_line' id='line_1_23' title="bbox 165 1438 1580 1483; baseline 0 -13"><span class='ocrx_word' id='word_1_232' title='bbox 165 1438 358 1480; x_wconf 85' lang='lat' dir='ltr'><strong>Mythologus</strong></span> <span class='ocrx_word' id='word_1_233' title='bbox 381 1440 413 1470; x_wconf 95' lang='lat' dir='ltr'><strong>II</strong></span> <span class='ocrx_word' id='word_1_234' title='bbox 438 1452 463 1482; x_wconf 90' lang='lat' dir='ltr'><strong>p.</strong></span> <span class='ocrx_word' id='word_1_235' title='bbox 491 1441 542 1478; x_wconf 82' lang='lat'><strong>76,</strong></span> <span class='ocrx_word' id='word_1_236' title='bbox 568 1441 689 1472; x_wconf 86' lang='lat' dir='ltr'><strong>Preller.</strong></span> <span class='ocrx_word' id='word_1_237' title='bbox 714 1441 749 1472; x_wconf 87' lang='lat' dir='ltr'><strong>R.</strong></span> <span class='ocrx_word' id='word_1_238' title='bbox 774 1441 815 1471; x_wconf 90' lang='lat' dir='ltr'><strong>M.</strong></span> <span class='ocrx_word' id='word_1_239' title='bbox 831 1442 840 1454; x_wconf 74' lang='lat'><strong>³</strong></span> <span class='ocrx_word' id='word_1_240' title='bbox 855 1453 881 1483; x_wconf 90' lang='lat' dir='ltr'><strong>p.</strong></span> <span class='ocrx_word' id='word_1_241' title='bbox 910 1442 991 1479; x_wconf 73' lang='lat'>172).</span> <span class='ocrx_word' id='word_1_242' title='bbox 1040 1441 1127 1472; x_wconf 86' lang='lat' dir='ltr'><strong>Hanc</strong></span> <span class='ocrx_word' id='word_1_243' title='bbox 1151 1441 1276 1472; x_wconf 87' lang='lat' dir='ltr'><strong>eandem</strong></span> <span class='ocrx_word' id='word_1_244' title='bbox 1293 1452 1354 1471; x_wconf 90' lang='lat' dir='ltr'><strong>rem</strong></span> <span class='ocrx_word' id='word_1_245' title='bbox 1372 1441 1471 1482; x_wconf 82' lang='lat' dir='ltr'><strong>paullo</strong></span> <span class='ocrx_word' id='word_1_246' title='bbox 1484 1441 1580 1480; x_wconf 80' lang='lat' dir='ltr'><strong>aliter,</strong></span> 
     </span>
     <span class='ocr_line' id='line_1_24' title="bbox 165 1497 1579 1541; baseline 0.001 -14"><span class='ocrx_word' id='word_1_247' title='bbox 165 1497 264 1528; x_wconf 87' lang='lat' dir='ltr'><strong>minus</strong></span> <span class='ocrx_word' id='word_1_248' title='bbox 287 1502 387 1529; x_wconf 88' lang='lat' dir='ltr'><strong>tamen</strong></span> <span class='ocrx_word' id='word_1_249' title='bbox 411 1503 556 1539; x_wconf 83' lang='lat' dir='ltr'><strong>accurate,</strong></span> <span class='ocrx_word' id='word_1_250' title='bbox 577 1499 632 1530; x_wconf 91' lang='lat' dir='ltr'><strong>hoc</strong></span> <span class='ocrx_word' id='word_1_251' title='bbox 656 1499 742 1531; x_wconf 89' lang='lat' dir='ltr'><strong>modo</strong></span> <span class='ocrx_word' id='word_1_252' title='bbox 767 1499 979 1541; x_wconf 73' lang='lat' dir='ltr'><strong>interpretatur</strong></span> <span class='ocrx_word' id='word_1_253' title='bbox 1004 1499 1181 1539; x_wconf 81' lang='lat' dir='ltr'><strong>Macrobius,</strong></span> <span class='ocrx_word' id='word_1_254' title='bbox 1201 1503 1234 1529; x_wconf 92' lang='lat' dir='ltr'><strong>ut</strong></span> <span class='ocrx_word' id='word_1_255' title='bbox 1256 1499 1290 1529; x_wconf 81' lang='lat' dir='ltr'><strong>ob</strong></span> <span class='ocrx_word' id='word_1_256' title='bbox 1307 1500 1416 1529; x_wconf 77' lang='lat' dir='ltr'><strong>merila</strong></span> <span class='ocrx_word' id='word_1_257' title='bbox 1433 1499 1579 1529; x_wconf 72' lang='lat' dir='ltr'><strong>introitus</strong></span> 
     </span>
     <span class='ocr_line' id='line_1_25' title="bbox 165 1556 1035 1595; baseline 0.003 -11"><span class='ocrx_word' id='word_1_258' title='bbox 165 1557 192 1584; x_wconf 78' lang='lat' dir='ltr'><strong>et</strong></span> <span class='ocrx_word' id='word_1_259' title='bbox 216 1556 316 1585; x_wconf 70' lang='lat' dir='ltr'><strong>exitus</strong></span> <span class='ocrx_word' id='word_1_260' title='bbox 340 1556 462 1586; x_wconf 78' lang='lat' dir='ltr'><strong>aedium</strong></span> <span class='ocrx_word' id='word_1_261' title='bbox 483 1557 579 1587; x_wconf 74' lang='lat' dir='ltr'><strong>eidem</strong></span> <span class='ocrx_word' id='word_1_262' title='bbox 604 1556 713 1595; x_wconf 79' lang='lat' dir='ltr'><strong>(Iano)</strong></span> <span class='ocrx_word' id='word_1_263' title='bbox 738 1560 924 1587; x_wconf 75' lang='lat' dir='ltr'><strong>consecratos</strong></span> <span class='ocrx_word' id='word_1_264' title='bbox 947 1557 1035 1587; x_wconf 86' lang='lat' dir='ltr'><strong>dicat.</strong></span> 
     </span>
    </p>

    <p class='ocr_par' dir='ltr' id='par_1_6' title="bbox 164 1611 1579 2059">
     <span class='ocr_line' id='line_1_26' title="bbox 256 1611 1576 1655; baseline 0 -12"><span class='ocrx_word' id='word_1_265' title='bbox 256 1611 334 1649; x_wconf 79' lang='lat' dir='ltr'><strong>Quid</strong></span> <span class='ocrx_word' id='word_1_266' title='bbox 367 1612 460 1644; x_wconf 82' lang='lat' dir='ltr'><strong>clavis</strong></span> <span class='ocrx_word' id='word_1_267' title='bbox 495 1613 686 1654; x_wconf 86' lang='lat' dir='ltr'><strong>significaret,</strong></span> <span class='ocrx_word' id='word_1_268' title='bbox 723 1614 898 1655; x_wconf 81' lang='lat' dir='ltr'><strong>interpretes</strong></span> <span class='ocrx_word' id='word_1_269' title='bbox 932 1613 1007 1644; x_wconf 93' lang='lat' dir='ltr'><strong>nihil</strong></span> <span class='ocrx_word' id='word_1_270' title='bbox 1033 1614 1093 1644; x_wconf 86' lang='lat' dir='ltr'><strong>fere</strong></span> <span class='ocrx_word' id='word_1_271' title='bbox 1118 1614 1195 1643; x_wconf 91' lang='lat' dir='ltr'><strong>inter</strong></span> <span class='ocrx_word' id='word_1_272' title='bbox 1219 1624 1249 1644; x_wconf 89' lang='lat' dir='ltr'><strong>se</strong></span> <span class='ocrx_word' id='word_1_273' title='bbox 1273 1613 1481 1652; x_wconf 71' lang='lat' dir='ltr'><strong>dissenserunt,</strong></span> <span class='ocrx_word' id='word_1_274' title='bbox 1507 1623 1576 1643; x_wconf 81' lang='lat' dir='ltr'><strong>nam</strong></span> 
     </span>
     <span class='ocr_line' id='line_1_27' title="bbox 164 1660 1577 1712; baseline 0.001 -12"><span class='ocrx_word' id='word_1_275' title='bbox 164 1669 241 1700; x_wconf 86' lang='lat' dir='ltr'><strong>clavi</strong></span> <span class='ocrx_word' id='word_1_276' title='bbox 267 1671 304 1701; x_wconf 85' lang='lat' dir='ltr'><strong>ad</strong></span> <span class='ocrx_word' id='word_1_277' title='bbox 328 1671 447 1702; x_wconf 90' lang='lat' dir='ltr'><strong>domum</strong></span> <span class='ocrx_word' id='word_1_278' title='bbox 483 1671 678 1702; x_wconf 82' lang='lat' dir='ltr'><strong>claudendam</strong></span> <span class='ocrx_word' id='word_1_279' title='bbox 714 1675 743 1703; x_wconf 90' lang='lat' dir='ltr'><strong>et</strong></span> <span class='ocrx_word' id='word_1_280' title='bbox 778 1672 954 1703; x_wconf 85' lang='lat' dir='ltr'><strong>servandam</strong></span> <span class='ocrx_word' id='word_1_281' title='bbox 974 1660 1051 1703; x_wconf 26' lang='lat' dir='ltr'><strong>iusos</strong></span> <span class='ocrx_word' id='word_1_282' title='bbox 1078 1683 1140 1703; x_wconf 82' lang='lat' dir='ltr'><strong>esse</strong></span> <span class='ocrx_word' id='word_1_283' title='bbox 1164 1671 1313 1711; x_wconf 83' lang='lat' dir='ltr'><strong>ianitores,</strong></span> <span class='ocrx_word' id='word_1_284' title='bbox 1349 1671 1401 1701; x_wconf 82' lang='lat' dir='ltr'><strong>vix</strong></span> <span class='ocrx_word' id='word_1_285' title='bbox 1432 1676 1476 1702; x_wconf 89' lang='lat' dir='ltr'><strong>est</strong></span> <span class='ocrx_word' id='word_1_286' title='bbox 1499 1671 1577 1712; x_wconf 89' lang='lat' dir='ltr'><strong>quod</strong></span> 
     </span>
     <span class='ocr_line' id='line_1_28' title="bbox 164 1727 1579 1771; baseline 0.001 -13"><span class='ocrx_word' id='word_1_287' title='bbox 164 1727 340 1759; x_wconf 79' lang='lat' dir='ltr'><strong>dubitemus.</strong></span> <span class='ocrx_word' id='word_1_288' title='bbox 388 1729 532 1760; x_wconf 86' lang='lat' dir='ltr'><strong>Baculum</strong></span> <span class='ocrx_word' id='word_1_289' title='bbox 569 1734 667 1760; x_wconf 84' lang='lat' dir='ltr'><strong>autem</strong></span> <span class='ocrx_word' id='word_1_290' title='bbox 701 1730 749 1760; x_wconf 89' lang='lat' dir='ltr'><strong>vel</strong></span> <span class='ocrx_word' id='word_1_291' title='bbox 782 1730 898 1770; x_wconf 59' lang='lat' dir='ltr'><strong>iirgam</strong></span> <span class='ocrx_word' id='word_1_292' title='bbox 921 1730 1010 1761; x_wconf 83' lang='lat' dir='ltr'><strong>fuisse</strong></span> <span class='ocrx_word' id='word_1_293' title='bbox 1035 1730 1086 1760; x_wconf 90' lang='lat' dir='ltr'><strong>teli</strong></span> <span class='ocrx_word' id='word_1_294' title='bbox 1111 1740 1206 1770; x_wconf 84' lang='lat' dir='ltr'><strong>genus</strong></span> <span class='ocrx_word' id='word_1_295' title='bbox 1235 1729 1495 1771; x_wconf 84' lang='lat' dir='ltr'><strong>simplicissimum,</strong></span> <span class='ocrx_word' id='word_1_296' title='bbox 1519 1739 1579 1769; x_wconf 91' lang='lat' dir='ltr'><strong>quo</strong></span> 
     </span>
     <span class='ocr_line' id='line_1_29' title="bbox 164 1786 1578 1829; baseline 0.001 -14"><span class='ocrx_word' id='word_1_297' title='bbox 164 1786 302 1816; x_wconf 86' lang='lat' dir='ltr'><strong>utebatur</strong></span> <span class='ocrx_word' id='word_1_298' title='bbox 325 1786 434 1817; x_wconf 84' lang='lat' dir='ltr'><strong>ianitor</strong></span> <span class='ocrx_word' id='word_1_299' title='bbox 457 1788 495 1817; x_wconf 86' lang='lat' dir='ltr'><strong>ad</strong></span> <span class='ocrx_word' id='word_1_300' title='bbox 520 1788 712 1818; x_wconf 89' lang='lat' dir='ltr'><strong>removendos</strong></span> <span class='ocrx_word' id='word_1_301' title='bbox 738 1788 872 1818; x_wconf 87' lang='lat' dir='ltr'><strong>homines</strong></span> <span class='ocrx_word' id='word_1_302' title='bbox 909 1788 1034 1828; x_wconf 85' lang='lat' dir='ltr'><strong>iniquos,</strong></span> <span class='ocrx_word' id='word_1_303' title='bbox 1059 1788 1148 1829; x_wconf 83' lang='lat' dir='ltr'><strong>plane</strong></span> <span class='ocrx_word' id='word_1_304' title='bbox 1176 1788 1206 1818; x_wconf 87' lang='lat' dir='ltr'><strong>in</strong></span> <span class='ocrx_word' id='word_1_305' title='bbox 1235 1790 1371 1829; x_wconf 88' lang='lat' dir='ltr'><strong>promptu</strong></span> <span class='ocrx_word' id='word_1_306' title='bbox 1395 1790 1445 1818; x_wconf 62' lang='lat' dir='ltr'><strong>est„</strong></span> <span class='ocrx_word' id='word_1_307' title='bbox 1493 1786 1578 1817; x_wconf 81' lang='lat' dir='ltr'><strong>Non-</strong></span> 
     </span>
     <span class='ocr_line' id='line_1_30' title="bbox 165 1842 1577 1886; baseline 0.001 -14"><span class='ocrx_word' id='word_1_308' title='bbox 165 1842 246 1872; x_wconf 69' lang='lat' dir='ltr'><strong>nulli‘</strong></span> <span class='ocrx_word' id='word_1_309' title='bbox 265 1846 365 1874; x_wconf 82' lang='lat' dir='ltr'><strong>tamen</strong></span> <span class='ocrx_word' id='word_1_310' title='bbox 389 1844 528 1875; x_wconf 85' lang='lat' dir='ltr'><strong>baculum</strong></span> <span class='ocrx_word' id='word_1_311' title='bbox 552 1845 675 1875; x_wconf 81' lang='lat' dir='ltr'><strong>viatoris</strong></span> <span class='ocrx_word' id='word_1_312' title='bbox 698 1845 818 1885; x_wconf 86' lang='lat' dir='ltr'><strong>signum</strong></span> <span class='ocrx_word' id='word_1_313' title='bbox 843 1856 905 1876; x_wconf 87' lang='lat' dir='ltr'><strong>esse</strong></span> <span class='ocrx_word' id='word_1_314' title='bbox 929 1849 1071 1886; x_wconf 89' lang='lat' dir='ltr'><strong>putarunt</strong></span> <span class='ocrx_word' id='word_1_315' title='bbox 1097 1864 1136 1867; x_wconf 96' lang='lat'><strong>—</strong></span> <span class='ocrx_word' id='word_1_316' title='bbox 1163 1845 1240 1885; x_wconf 89' lang='lat' dir='ltr'><strong>quod</strong></span> <span class='ocrx_word' id='word_1_317' title='bbox 1265 1848 1364 1875; x_wconf 87' lang='lat' dir='ltr'><strong>tamen</strong></span> <span class='ocrx_word' id='word_1_318' title='bbox 1389 1847 1513 1874; x_wconf 84' lang='lat' dir='ltr'><strong>naturae</strong></span> <span class='ocrx_word' id='word_1_319' title='bbox 1530 1844 1577 1874; x_wconf 88' lang='lat' dir='ltr'><strong>dei</strong></span> 
     </span>
     <span class='ocr_line' id='line_1_31' title="bbox 164 1899 1576 1943; baseline 0.001 -13"><span class='ocrx_word' id='word_1_320' title='bbox 164 1899 346 1932; x_wconf 84' lang='lat' dir='ltr'><strong>adversatur.</strong></span> <span class='ocrx_word' id='word_1_321' title='bbox 394 1900 475 1938; x_wconf 84' lang='lat' dir='ltr'><strong>Quae</strong></span> <span class='ocrx_word' id='word_1_322' title='bbox 500 1912 569 1933; x_wconf 88' lang='lat' dir='ltr'><strong>vero</strong></span> <span class='ocrx_word' id='word_1_323' title='bbox 593 1901 718 1934; x_wconf 81' lang='lat' dir='ltr'><strong>Charles</strong></span> <span class='ocrx_word' id='word_1_324' title='bbox 745 1902 834 1933; x_wconf 86' lang='lat' dir='ltr'><strong>Ploix</strong></span> <span class='ocrx_word' id='word_1_325' title='bbox 857 1902 888 1942; x_wconf 91' lang='lat' dir='ltr'><strong>(l.</strong></span> <span class='ocrx_word' id='word_1_326' title='bbox 913 1903 951 1942; x_wconf 80' lang='lat' dir='ltr'><strong>e.)</strong></span> <span class='ocrx_word' id='word_1_327' title='bbox 975 1907 1004 1933; x_wconf 91' lang='lat' dir='ltr'><strong>et</strong></span> <span class='ocrx_word' id='word_1_328' title='bbox 1029 1902 1170 1942; x_wconf 86' lang='lat' dir='ltr'><strong>Hartung</strong></span> <span class='ocrx_word' id='word_1_329' title='bbox 1186 1901 1263 1942; x_wconf 76' lang='lat' dir='ltr'><strong>(Bel.</strong></span> <span class='ocrx_word' id='word_1_330' title='bbox 1284 1901 1336 1932; x_wconf 87' lang='lat' dir='ltr'><strong>der</strong></span> <span class='ocrx_word' id='word_1_331' title='bbox 1359 1901 1468 1932; x_wconf 66' lang='lat' dir='ltr'><strong>Remer</strong></span> <span class='ocrx_word' id='word_1_332' title='bbox 1492 1901 1524 1931; x_wconf 91' lang='lat' dir='ltr'><strong>II</strong></span> <span class='ocrx_word' id='word_1_333' title='bbox 1550 1913 1576 1943; x_wconf 90' lang='lat' dir='ltr'><strong>p.</strong></span> 
     </span>
     <span class='ocr_line' id='line_1_32' title="bbox 166 1957 1577 2001; baseline 0.001 -13"><span class='ocrx_word' id='word_1_334' title='bbox 166 1957 243 1998; x_wconf 66' lang='lat'>220)</span> <span class='ocrx_word' id='word_1_335' title='bbox 254 1963 468 2000; x_wconf 84' lang='lat' dir='ltr'><strong>proposuerunt</strong></span> <span class='ocrx_word' id='word_1_336' title='bbox 492 1971 511 1991; x_wconf 83' lang='lat' dir='ltr'><strong>a</strong></span> <span class='ocrx_word' id='word_1_337' title='bbox 535 1971 566 1991; x_wconf 90' lang='lat' dir='ltr'><strong>re</strong></span> <span class='ocrx_word' id='word_1_338' title='bbox 589 1964 618 1991; x_wconf 88' lang='lat' dir='ltr'><strong>et</strong></span> <span class='ocrx_word' id='word_1_339' title='bbox 643 1960 767 1992; x_wconf 76' lang='lat' dir='ltr'><strong>ven&#39;tate</strong></span> <span class='ocrx_word' id='word_1_340' title='bbox 791 1960 884 1991; x_wconf 91' lang='lat' dir='ltr'><strong>multo</strong></span> <span class='ocrx_word' id='word_1_341' title='bbox 908 1960 1004 2001; x_wconf 88' lang='lat' dir='ltr'><strong>magis</strong></span> <span class='ocrx_word' id='word_1_342' title='bbox 1028 1960 1175 1991; x_wconf 81' lang='lat' dir='ltr'><strong>abhorret.</strong></span> <span class='ocrx_word' id='word_1_343' title='bbox 1223 1959 1300 1990; x_wconf 91' lang='lat' dir='ltr'><strong>Cum</strong></span> <span class='ocrx_word' id='word_1_344' title='bbox 1323 1959 1479 1990; x_wconf 85' lang='lat' dir='ltr'><strong>ianuarum</strong></span> <span class='ocrx_word' id='word_1_345' title='bbox 1505 1959 1577 1990; x_wconf 86' lang='lat' dir='ltr'><strong>deus</strong></span> 
     </span>
     <span class='ocr_line' id='line_1_33' title="bbox 164 2015 1578 2059; baseline 0.001 -14"><span class='ocrx_word' id='word_1_346' title='bbox 164 2015 303 2047; x_wconf 86' lang='lat' dir='ltr'><strong>introitus</strong></span> <span class='ocrx_word' id='word_1_347' title='bbox 327 2020 356 2047; x_wconf 88' lang='lat' dir='ltr'><strong>et</strong></span> <span class='ocrx_word' id='word_1_348' title='bbox 379 2018 477 2048; x_wconf 86' lang='lat' dir='ltr'><strong>exitus</strong></span> <span class='ocrx_word' id='word_1_349' title='bbox 501 2018 573 2049; x_wconf 86' lang='lat' dir='ltr'><strong>deus</strong></span> <span class='ocrx_word' id='word_1_350' title='bbox 597 2018 686 2049; x_wconf 85' lang='lat' dir='ltr'><strong>etiam</strong></span> <span class='ocrx_word' id='word_1_351' title='bbox 712 2023 787 2049; x_wconf 89' lang='lat' dir='ltr'><strong>esset</strong></span> <span class='ocrx_word' id='word_1_352' title='bbox 812 2018 907 2049; x_wconf 85' lang='lat' dir='ltr'><strong>faetus</strong></span> <span class='ocrx_word' id='word_1_353' title='bbox 931 2018 1030 2057; x_wconf 86' lang='lat' dir='ltr'><strong>Ianus,</strong></span> <span class='ocrx_word' id='word_1_354' title='bbox 1056 2018 1190 2059; x_wconf 87' lang='lat' dir='ltr'><strong>proxime</strong></span> <span class='ocrx_word' id='word_1_355' title='bbox 1214 2018 1399 2058; x_wconf 73' lang='lat' dir='ltr'><strong>sequebatur,</strong></span> <span class='ocrx_word' id='word_1_356' title='bbox 1422 2021 1453 2047; x_wconf 91' lang='lat' dir='ltr'><strong>ut</strong></span> <span class='ocrx_word' id='word_1_357' title='bbox 1479 2017 1578 2047; x_wconf 86' lang='lat' dir='ltr'><strong>initio-</strong></span> 
     </span>
    </p>
   </div>
   <div class='ocr_carea' id='block_1_5' title="bbox 164 2117 1578 2187">
    <p class='ocr_par' dir='ltr' id='par_1_7' title="bbox 164 2117 1578 2187">
     <span class='ocr_line' id='line_1_34' title="bbox 237 2117 1578 2154; baseline 0.001 -12"><span class='ocrx_word' id='word_1_358' title='bbox 237 2117 264 2149; x_wconf 46' lang='grc' dir='ltr'><strong>θ’)</strong></span> <span class='ocrx_word' id='word_1_359' title='bbox 285 2119 381 2143; x_wconf 82' lang='lat' dir='ltr'><strong>Arnob.</strong></span> <span class='ocrx_word' id='word_1_360' title='bbox 403 2120 447 2149; x_wconf 89' lang='lat' dir='ltr'><strong>lv,</strong></span> <span class='ocrx_word' id='word_1_361' title='bbox 466 2120 495 2144; x_wconf 79' lang='lat'><strong>9:</strong></span> <span class='ocrx_word' id='word_1_362' title='bbox 516 2120 578 2150; x_wconf 84' lang='lat' dir='ltr'><strong>Quis</strong></span> <span class='ocrx_word' id='word_1_363' title='bbox 596 2120 648 2154; x_wconf 84' lang='lat' dir='ltr'><strong>(est</strong></span> <span class='ocrx_word' id='word_1_364' title='bbox 668 2120 712 2153; x_wconf 86' lang='lat' dir='ltr'><strong>qui</strong></span> <span class='ocrx_word' id='word_1_365' title='bbox 733 2120 833 2153; x_wconf 77' lang='lat' dir='ltr'><strong>credat)</strong></span> <span class='ocrx_word' id='word_1_366' title='bbox 852 2120 1036 2149; x_wconf 84' lang='lat' dir='ltr'><strong>Limentinum,</strong></span> <span class='ocrx_word' id='word_1_367' title='bbox 1056 2120 1101 2152; x_wconf 89' lang='lat' dir='ltr'><strong>qui</strong></span> <span class='ocrx_word' id='word_1_368' title='bbox 1122 2119 1220 2144; x_wconf 81' lang='lat' dir='ltr'><strong>Limam</strong></span> <span class='ocrx_word' id='word_1_369' title='bbox 1241 2119 1383 2144; x_wconf 81' lang='lat' dir='ltr'><strong>custodiam</strong></span> <span class='ocrx_word' id='word_1_370' title='bbox 1403 2119 1519 2144; x_wconf 87' lang='lat' dir='ltr'><strong>liminum</strong></span> <span class='ocrx_word' id='word_1_371' title='bbox 1536 2128 1578 2150; x_wconf 84' lang='lat' dir='ltr'><strong>ge-</strong></span> 
     </span>
     <span class='ocr_line' id='line_1_35' title="bbox 164 2160 853 2187; baseline 0.007 -4"><span class='ocrx_word' id='word_1_372' title='bbox 164 2168 221 2183; x_wconf 80' lang='lat' dir='ltr'><strong>rere</strong></span> <span class='ocrx_word' id='word_1_373' title='bbox 240 2164 265 2184; x_wconf 87' lang='lat' dir='ltr'><strong>et</strong></span> <span class='ocrx_word' id='word_1_374' title='bbox 287 2160 425 2186; x_wconf 72' lang='lat' dir='ltr'><strong>ianitorum</strong></span> <span class='ocrx_word' id='word_1_375' title='bbox 446 2162 531 2187; x_wconf 84' lang='lat' dir='ltr'><strong>officia</strong></span> <span class='ocrx_word' id='word_1_376' title='bbox 551 2163 677 2187; x_wconf 83' lang='lat' dir='ltr'><strong>sustinere</strong></span> <span class='ocrx_word' id='word_1_377' title='bbox 696 2178 732 2182; x_wconf 93' lang='lat'>—</span> <span class='ocrx_word' id='word_1_378' title='bbox 750 2178 786 2182; x_wconf 91' lang='lat'><strong>-—</strong></span> <span class='ocrx_word' id='word_1_379' title='bbox 805 2162 853 2187; x_wconf 71' lang='grc' dir='ltr'><strong>-Ρ</strong></span> 
     </span>
    </p>
   </div>
  </div>
 </body>
</html>
