1773 2449
133 68 175 99 32
772 84 794 106 s.
811 84 896 107 Linde.

131 159 316 200 Tarquinius
340 159 497 200 Superbus,
521 163 554 189 ut
578 159 658 190 fama
682 163 734 200 est,
758 161 903 202 templum
923 161 1004 191 Iovis
1020 160 1182 202 Capitolini
1198 162 1415 193 aedificandum
1431 163 1547 194 curavit

132 216 208 255 (Liv.
234 218 258 257 Ι,
285 217 335 257 53,
359 216 403 247 cfr
425 216 548 256 Preller,
572 216 657 247 Rom.
682 217 778 258 Myth.
796 215 805 229 ⁸
819 229 846 259 p.
874 217 959 257 205).

224 276 325 306 Antea
348 285 402 305 arx
422 274 453 304 in
477 274 617 305 Palatino
641 279 741 306 monte
766 276 870 315 suerat,
894 286 963 306 nam
981 276 1013 306 in
1030 275 1147 306 Palatio
1164 276 1260 317 prima
1273 276 1339 307 urbi
1352 276 1548 308 fundamenta

132 333 202 364 iecit
226 333 370 364 Romulus
394 332 472 372 (Liv.
499 333 523 370 Ι,
548 332 597 371 12,
624 333 654 369 4)
691 336 720 363 et
755 333 905 374 Palatium
936 334 1064 375 primum
1089 334 1219 365 munivit
1243 334 1291 372 (ib.
1318 335 1346 375 7,
1372 335 1409 373 3).
1457 334 1547 366 Prae-

132 394 212 421 terea
238 391 323 421 facile
357 390 493 420 dubitare
514 401 676 431 possumus,
705 401 777 421 num
802 402 833 421 re
858 402 928 421 vera
953 391 1050 432 prima
1073 401 1129 422 arx
1153 391 1265 422 Romae
1289 392 1320 422 in
1345 392 1461 423 Palatio
1485 392 1547 423 fue-

133 449 181 489 rit,
202 459 272 479 nam
292 458 356 478 cum
382 448 474 478 Ianus
498 447 626 477 Ianiculi
651 449 752 489 oppidi
778 449 912 479 conditor
936 449 1024 480 fuisse
1048 449 1164 480 dicatur
1181 450 1307 489 (Arnob.
1326 450 1392 480 adv.
1409 453 1470 481 nat.
1489 450 1547 490 ΙΙΙ,

135 507 186 548 29,
211 508 234 547 Ι,
260 507 300 536 36
328 525 365 528 -
389 505 433 535 cfr
459 506 586 545 August.
612 516 635 535 c.
660 506 687 536 d.
713 506 785 546 VII,
807 507 839 546 4)
875 507 1001 548 primam
1033 507 1064 537 in
1097 507 1240 547 Ianiculo,
1266 507 1316 538 ubi
1338 508 1441 538 domus
1465 508 1548 548 regia

134 564 200 596 Iani
217 568 279 595 erat
300 563 431 602 (Preller,
452 562 537 593 Rom.
562 563 658 603 Myth.
672 563 683 579 ³
710 575 737 605 p.
766 564 837 603 182,
861 564 969 594 Rosch.
996 564 1068 594 Lex.
1094 564 1190 605 Myth.
1214 565 1247 595 ΙΙ
1271 575 1297 606 p.
1313 565 1354 594 22
1372 568 1433 605 sq.),
1449 575 1546 595 arcem

134 623 214 653 urbis
238 622 325 652 etiam
351 621 441 651 fuisse
464 621 609 661 suspicari
634 621 703 651 licet
716 625 744 652 et
757 622 795 652 ad
819 622 891 652 haec
916 630 1049 663 tempora
1073 622 1139 652 Iani
1165 622 1365 663 principatum
1385 622 1463 653 inter
1479 622 1548 653 deos

134 679 314 721 pertinuisse.
343 677 388 707 De
413 677 558 717 Ianiculo,
587 681 685 708 vetere
709 679 777 709 sede
801 679 877 719 Iani,
902 679 1028 709 Ovidius
1052 679 1143 718 (Fast.
1165 677 1189 718 Ι,
1215 679 1280 709 245
1304 680 1361 720 sq.)
1378 680 1484 710 Ianum
1503 679 1548 709 in-

133 737 213 767 ducit
237 736 394 765 dicentem:

393 819 462 849 Aroe
487 829 553 849 mea
578 819 663 849 collis
687 822 762 859 erat,
786 830 872 858 quom
900 821 1001 858 volans
1026 822 1144 851 nomine
1168 823 1269 851 nostro

393 880 559 916 mmcupat,
584 877 656 906 haec
681 880 766 907 aetas
792 877 1027 916 Ianiculumque
1051 881 1135 908 vocat

133 961 188 1000 (cfr
211 960 302 1000 Verg.
328 960 404 990 Aen.
436 959 525 999 VIII,
556 959 617 989 357
648 961 711 1000 sq.).
760 960 815 989 Cui
852 961 1015 990 sententiae
1049 971 1108 991 non
1145 963 1314 1001 repugnant
1348 960 1422 990 haec
1458 960 1549 989 verba

132 1019 264 1049 Maorobi
289 1018 358 1054 (Sat.
380 1016 403 1055 Ι,
431 1017 458 1056 7,
487 1017 548 1053 19);
574 1017 737 1054 Reyionem
762 1019 863 1055 istam,
887 1029 964 1055 quae
980 1028 1062 1047 nunc
1082 1021 1207 1047 vocatur
1220 1017 1327 1055 Italia,
1343 1028 1433 1055 reyno
1451 1016 1549 1047 Ianus

131 1076 270 1115 optinuit,
296 1075 357 1113 qai,
378 1076 410 1103 ut
436 1073 581 1111 Hwimw
607 1073 808 1103 Protarchum
836 1074 1032 1104 Trallianum
1057 1078 1177 1104 secutus
1202 1075 1308 1113 tradit,
1333 1084 1400 1103 cum
1425 1073 1549 1103 Camese

132 1144 222 1173 aeque
247 1134 393 1170 indiqena
415 1135 530 1161 terram
556 1132 634 1161 hanc
655 1133 699 1161 ita
726 1133 916 1169 participata
939 1134 1076 1170 potentia
1104 1133 1305 1172 possidebant,
1330 1135 1363 1161 ut
1386 1133 1467 1169 reqio
1492 1131 1548 1161 Ca-

131 1201 254 1231 mesene,
278 1190 422 1228 oppidum
448 1188 625 1219 Ianiculum.
651 1190 842 1219 vocitaretur.
890 1189 1048 1220 Praeterea
1071 1190 1150 1231 quod
1167 1200 1221 1220 rex
1234 1189 1262 1229 *)
1282 1189 1389 1220 Italiae
1405 1188 1549 1230 antiquis-

130 1251 221 1281 simus
257 1248 346 1279 fuisse
380 1248 496 1287 dicitur,
532 1247 606 1277 haec
630 1247 705 1278 ratio
729 1251 791 1278 tota
815 1248 853 1278 ab
878 1247 1046 1279 Euhemero
1070 1248 1191 1289 eiusque
1214 1247 1408 1279 sectatoribus
1432 1246 1547 1288 pendet.

131 1308 186 1338 Sed
212 1307 301 1338 etiam
326 1306 400 1336 haec
424 1305 525 1336 fabula
550 1315 602 1346 per
626 1315 656 1335 se
681 1305 757 1335 nihil
782 1305 864 1335 aliud
885 1306 1009 1347 probare
1030 1309 1133 1347 potest,
1151 1316 1240 1346 quam
1264 1305 1343 1346 quod
1367 1304 1427 1335 iam
1445 1304 1548 1335 statui-

131 1376 203 1403 mus,
229 1363 336 1394 Ianum
361 1363 494 1393 omnium
520 1363 640 1392 deorum
665 1362 810 1393 Italorum
835 1363 924 1393 fuisse
948 1363 1085 1404 primum.

221 1423 258 1452 In
287 1420 423 1451 Ianiculo
461 1420 605 1461 templum
639 1420 878 1460 antiquissimum
908 1420 954 1451 dei
983 1421 1072 1451 etiam
1097 1420 1153 1450 fuit
1176 1420 1313 1457 (Deecke,
1339 1419 1403 1450 Etr.
1428 1419 1547 1449 Forsch.

130 1480 184 1520 IV,
211 1479 273 1518 25),
297 1479 376 1520 quod
401 1478 525 1509 fortasse
562 1477 639 1508 idem
675 1482 719 1508 est
754 1481 841 1518 atque
875 1478 979 1509 domus
1015 1478 1098 1518 regia
1121 1489 1211 1519 supra
1235 1465 1321 1508 dicta.
1357 1476 1549 1508 Meritissimo

130 1538 222 1578 igitur
246 1538 338 1568 Ianus
362 1537 400 1566 ab
425 1536 598 1566 Herodiano
623 1535 657 1574 (I,
691 1536 767 1573 161)
798 1538 875 1575 θεὸς
898 1537 1119 1575 ἀρχαιότατοσ
1143 1543 1200 1576 τῆς
1222 1536 1355 1574 Ἰταλίας
1377 1534 1550 1573 ἐπιχώριος

130 1595 304 1637 appellatur.
354 1576 439 1631 Quo}
472 1593 549 1623 idem
583 1593 619 1623 de
654 1591 728 1623 Iano
749 1596 851 1623 narrat
872 1592 1032 1633 Procopius
1063 1592 1141 1630 (bell.
1167 1592 1246 1632 goth.
1270 1591 1294 1632 I,
1324 1592 1379 1632 25)
1407 1594 1425 1624 ὁ
1451 1592 1550 1631 Ἰανὸς

130 1659 264 1691 πρῶτοσ
284 1652 322 1691 ἦν
346 1658 413 1683 τῶν
436 1652 582 1692 ἀρχαίων
605 1651 702 1689 θεῶν,
728 1651 787 1680 οὓσ
811 1651 849 1682 δὲ
864 1651 1008 1688 Ῥωμαῖοι
1020 1651 1173 1690 γλσώσσῃ
1187 1657 1226 1692 τῇ
1242 1637 1549 1692 σφετέρᾴπενάτας

131 1711 223 1752 (codd.
244 1711 398 1751 πενητας)
419 1709 567 1739 ἐκάλουν.
617 1709 664 1738 Ac
684 1719 752 1738 cum
773 1708 871 1738 Varro
892 1711 965 1738 teste
982 1707 1168 1738 Tertulliano
1188 1708 1238 1747 (ad
1258 1712 1318 1738 nat.
1339 1709 1380 1747 ΙΙ,
1405 1710 1457 1749 12)
1481 1710 1548 1741 ”an-

131 1769 311 1810 tiquissimos
332 1768 400 1798 deos
421 1767 532 1805 Iovem,
556 1766 701 1797 Iunonem
726 1770 755 1796 et
783 1766 951 1796 Minervam
981 1765 1112 1805 referat”,
1133 1776 1201 1796 cum
1223 1765 1408 1797 Tertulliano
1429 1778 1548 1809 respon-

132 1826 199 1856 dere
225 1835 379 1866 possumus
399 1824 529 1854 ”omnem
552 1827 666 1864 patrem
692 1823 761 1854 filiis
781 1834 844 1854 esse
873 1823 1081 1864 antiquiorem,
1102 1825 1163 1853 tam
1181 1822 1343 1854 Saturnum
1364 1823 1435 1854 Iove
1458 1835 1548 1865 quam

132 1883 253 1913 Caelum
280 1882 307 1919 (i.
331 1893 355 1912 e.
373 1881 494 1920 Ianum)
519 1881 669 1911 Saturnd’.
719 1881 747 1910 A
773 1880 886 1911 ratione
911 1880 1003 1920 igitur
1027 1883 1128 1911 nostra
1156 1880 1244 1921 plane
1264 1891 1324 1911 non
1344 1880 1483 1911 abhorret
1503 1882 1548 1912 in-

132 1941 241 1971 dicium
277 1940 351 1970 illud
379 1939 566 1969 Tertulliani.
614 1939 772 1969 Praeterea
800 1938 877 1969 idem
906 1938 1003 1969 Varro
1027 1941 1100 1969 teste
1122 1938 1292 1978 Augustino
1313 1940 1350 1979 (c.
1372 1939 1398 1969 d.
1419 1939 1474 1979 IV,
1493 1939 1548 1979 23)

133 1999 296 2029 sententiae
316 2001 433 2043 nostrae
458 1997 546 2039 plane
571 2001 769 2037 congruenter
790 1997 862 2027 haec
883 2000 1104 2027 commemorat:
1130 1996 1299 2027 ”Romulus
1315 1998 1470 2027 constituit
1486 1997 1547 2028 Ro-

206 2124 234 2156 *)
255 2124 352 2149 Arnob.
372 2124 430 2149 adv.
450 2124 512 2148 Nat.
534 2124 581 2155 ΙΙΙ,
600 2124 646 2148 29:
666 2139 701 2143 —-
722 2124 810 2148 Ianum
834 2139 863 2142 —-
884 2124 971 2148 serunt
991 2139 1025 2142 —
1047 2139 1081 2142 —-
1101 2124 1128 2148 in
1149 2124 1227 2148 Italia
1247 2132 1367 2155 regnasse
1387 2124 1505 2156 primum.
