<?xml version="1.0" encoding="UTF-8"?>
<!DOCTYPE html PUBLIC "-//W3C//DTD XHTML 1.0 Transitional//EN"
    "http://www.w3.org/TR/xhtml1/DTD/xhtml1-transitional.dtd">
<html xmlns="http://www.w3.org/1999/xhtml" xml:lang="en" lang="en">
 <head>
  <title>
</title>
<meta http-equiv="Content-Type" content="text/html;charset=utf-8" />
  <meta name='ocr-system' content='tesseract 3.04.00' />
  <meta name='ocr-capabilities' content='ocr_page ocr_carea ocr_par ocr_line ocrx_word'/>
</head>
<body>
  <div class='ocr_page' id='page_1' title='image "./4630595_0010.png"; bbox 0 0 1773 2449; ppageno 0'>
   <div class='ocr_carea' id='block_1_1' title="bbox 176 101 943 135">
    <p class='ocr_par' dir='ltr' id='par_1_1' title="bbox 176 101 943 135">
     <span class='ocr_line' id='line_1_1' title="bbox 176 101 943 135; baseline 0.003 -3"><span class='ocrx_word' id='word_1_1' title='bbox 176 101 196 132; x_wconf 65' lang='lat'><strong>2</strong></span> <span class='ocrx_word' id='word_1_2' title='bbox 820 111 843 135; x_wconf 84' lang='lat' dir='ltr'>s.</span> <span class='ocrx_word' id='word_1_3' title='bbox 860 111 943 134; x_wconf 68' lang='lat' dir='ltr'>Linde.</span> 
     </span>
    </p>
   </div>
   <div class='ocr_carea' id='block_1_2' title="bbox 154 185 1632 2192">
    <p class='ocr_par' dir='ltr' id='par_1_2' title="bbox 174 185 1592 1099">
     <span class='ocr_line' id='line_1_2' title="bbox 174 185 1590 231; baseline -0.001 -8"><span class='ocrx_word' id='word_1_4' title='bbox 174 191 231 230; x_wconf 84' lang='lat' dir='ltr'>(cfr</span> <span class='ocrx_word' id='word_1_5' title='bbox 251 191 425 230; x_wconf 84' lang='lat' dir='ltr'>Deeharme,</span> <span class='ocrx_word' id='word_1_6' title='bbox 449 188 575 231; x_wconf 85' lang='lat' dir='ltr'>Mythol.</span> <span class='ocrx_word' id='word_1_7' title='bbox 600 189 636 219; x_wconf 90' lang='lat' dir='ltr'>de</span> <span class='ocrx_word' id='word_1_8' title='bbox 660 188 690 219; x_wconf 86' lang='lat' dir='ltr'>la</span> <span class='ocrx_word' id='word_1_9' title='bbox 713 188 809 219; x_wconf 75' lang='lat' dir='ltr'>Grece</span> <span class='ocrx_word' id='word_1_10' title='bbox 833 191 893 219; x_wconf 87' lang='lat' dir='ltr'>ant.</span> <span class='ocrx_word' id='word_1_11' title='bbox 920 199 946 229; x_wconf 88' lang='lat' dir='ltr'>p.</span> <span class='ocrx_word' id='word_1_12' title='bbox 973 187 1013 227; x_wconf 86' lang='grc'>8).</span> <span class='ocrx_word' id='word_1_13' title='bbox 1061 186 1153 218; x_wconf 83' lang='lat' dir='ltr'>”Nam</span> <span class='ocrx_word' id='word_1_14' title='bbox 1179 190 1263 218; x_wconf 87' lang='lat' dir='ltr'>vetus</span> <span class='ocrx_word' id='word_1_15' title='bbox 1287 185 1360 219; x_wconf 83' lang='lat' dir='ltr'>haee</span> <span class='ocrx_word' id='word_1_16' title='bbox 1379 187 1480 230; x_wconf 90' lang='lat' dir='ltr'>opinio</span> <span class='ocrx_word' id='word_1_17' title='bbox 1496 188 1590 221; x_wconf 82' lang='lat' dir='ltr'>Grae-</span> 
     </span>
     <span class='ocr_line' id='line_1_3' title="bbox 174 242 1589 291; baseline -0.001 -10"><span class='ocrx_word' id='word_1_18' title='bbox 174 251 251 281; x_wconf 86' lang='lat' dir='ltr'><strong>ciam</strong></span> <span class='ocrx_word' id='word_1_19' title='bbox 276 249 414 291; x_wconf 87' lang='lat' dir='ltr'>opplevit,</span> <span class='ocrx_word' id='word_1_20' title='bbox 438 251 590 279; x_wconf 86' lang='lat' dir='ltr'>exsectum</span> <span class='ocrx_word' id='word_1_21' title='bbox 615 247 738 278; x_wconf 84' lang='lat' dir='ltr'>Caelum</span> <span class='ocrx_word' id='word_1_22' title='bbox 759 257 777 277; x_wconf 88' lang='lat' dir='ltr'>a</span> <span class='ocrx_word' id='word_1_23' title='bbox 801 246 862 277; x_wconf 86' lang='lat' dir='ltr'>filio</span> <span class='ocrx_word' id='word_1_24' title='bbox 882 246 1019 285; x_wconf 84' lang='lat' dir='ltr'>Saturno,</span> <span class='ocrx_word' id='word_1_25' title='bbox 1043 245 1177 276; x_wconf 82' lang='lat' dir='ltr'>vinetum</span> <span class='ocrx_word' id='word_1_26' title='bbox 1197 248 1296 276; x_wconf 87' lang='lat' dir='ltr'>autem</span> <span class='ocrx_word' id='word_1_27' title='bbox 1313 242 1475 277; x_wconf 74' lang='lat' dir='ltr'>Saturnum</span> <span class='ocrx_word' id='word_1_28' title='bbox 1491 247 1589 288; x_wconf 89' lang='lat' dir='ltr'>ipsum</span> 
     </span>
     <span class='ocr_line' id='line_1_4' title="bbox 174 302 1590 346; baseline -0.001 -8"><span class='ocrx_word' id='word_1_29' title='bbox 174 318 192 338; x_wconf 87' lang='lat' dir='ltr'>a</span> <span class='ocrx_word' id='word_1_30' title='bbox 216 307 278 338; x_wconf 92' lang='lat' dir='ltr'>filio</span> <span class='ocrx_word' id='word_1_31' title='bbox 300 306 393 346; x_wconf 73' lang='lat' dir='ltr'>Iove”,</span> <span class='ocrx_word' id='word_1_32' title='bbox 424 309 458 336; x_wconf 93' lang='lat' dir='ltr'>ut</span> <span class='ocrx_word' id='word_1_33' title='bbox 489 309 533 336; x_wconf 87' lang='lat' dir='ltr'>est</span> <span class='ocrx_word' id='word_1_34' title='bbox 568 305 648 346; x_wconf 88' lang='lat' dir='ltr'>apud</span> <span class='ocrx_word' id='word_1_35' title='bbox 684 304 858 335; x_wconf 85' lang='lat' dir='ltr'>Ciceronem</span> <span class='ocrx_word' id='word_1_36' title='bbox 878 303 929 344; x_wconf 84' lang='lat' dir='ltr'>(N.</span> <span class='ocrx_word' id='word_1_37' title='bbox 956 303 991 333; x_wconf 92' lang='lat' dir='ltr'>D.</span> <span class='ocrx_word' id='word_1_38' title='bbox 1016 303 1048 333; x_wconf 92' lang='grc' dir='ltr'>ΙΙ</span> <span class='ocrx_word' id='word_1_39' title='bbox 1072 303 1089 343; x_wconf 69' lang='grc' dir='ltr'><strong>ξ</strong></span> <span class='ocrx_word' id='word_1_40' title='bbox 1114 303 1177 340; x_wconf 89' lang='grc'>63).</span> <span class='ocrx_word' id='word_1_41' title='bbox 1226 302 1366 334; x_wconf 83' lang='lat' dir='ltr'>Ceterum</span> <span class='ocrx_word' id='word_1_42' title='bbox 1392 305 1539 345; x_wconf 78' lang='grc' dir='ltr'><strong><em>Οὐρανός</em></strong></span> <span class='ocrx_word' id='word_1_43' title='bbox 1560 309 1590 336; x_wconf 88' lang='lat' dir='ltr'>et</span> 
     </span>
     <span class='ocr_line' id='line_1_5' title="bbox 174 360 1591 406; baseline -0.002 -10"><span class='ocrx_word' id='word_1_44' title='bbox 174 365 310 405; x_wconf 85' lang='grc' dir='ltr'><strong><em>Κρόνοσ</em></strong></span> <span class='ocrx_word' id='word_1_45' title='bbox 333 365 369 396; x_wconf 87' lang='lat' dir='ltr'>ad</span> <span class='ocrx_word' id='word_1_46' title='bbox 393 362 599 406; x_wconf 61' lang='lat' dir='ltr'>proethnfflzm</span> <span class='ocrx_word' id='word_1_47' title='bbox 635 365 762 393; x_wconf 85' lang='lat' dir='ltr'>aetatem</span> <span class='ocrx_word' id='word_1_48' title='bbox 798 361 947 404; x_wconf 87' lang='lat' dir='ltr'>pertinere</span> <span class='ocrx_word' id='word_1_49' title='bbox 975 360 1122 400; x_wconf 87' lang='lat' dir='ltr'>videntur,</span> <span class='ocrx_word' id='word_1_50' title='bbox 1146 371 1237 402; x_wconf 75' lang='lat' dir='ltr'>quam</span> <span class='ocrx_word' id='word_1_51' title='bbox 1260 361 1298 391; x_wconf 92' lang='lat' dir='ltr'>ob</span> <span class='ocrx_word' id='word_1_52' title='bbox 1321 370 1384 391; x_wconf 88' lang='lat' dir='ltr'>rem</span> <span class='ocrx_word' id='word_1_53' title='bbox 1408 360 1499 392; x_wconf 85' lang='lat' dir='ltr'>etiam</span> <span class='ocrx_word' id='word_1_54' title='bbox 1523 361 1591 393; x_wconf 88' lang='lat' dir='ltr'>hor-</span> 
     </span>
     <span class='ocr_line' id='line_1_6' title="bbox 174 418 1592 461; baseline -0.005 -6"><span class='ocrx_word' id='word_1_55' title='bbox 174 425 293 455; x_wconf 87' lang='lat' dir='ltr'>ridioris</span> <span class='ocrx_word' id='word_1_56' title='bbox 316 422 471 453; x_wconf 83' lang='lat' dir='ltr'>vetustatis</span> <span class='ocrx_word' id='word_1_57' title='bbox 495 421 657 461; x_wconf 83' lang='lat' dir='ltr'>imaginem</span> <span class='ocrx_word' id='word_1_58' title='bbox 682 420 818 450; x_wconf 86' lang='lat' dir='ltr'>reddunt.</span> <span class='ocrx_word' id='word_1_59' title='bbox 870 420 898 450; x_wconf 91' lang='lat' dir='ltr'>A</span> <span class='ocrx_word' id='word_1_60' title='bbox 922 419 1053 450; x_wconf 88' lang='lat' dir='ltr'>Prellero</span> <span class='ocrx_word' id='word_1_61' title='bbox 1078 418 1140 456; x_wconf 85' lang='lat' dir='ltr'>(Gr.</span> <span class='ocrx_word' id='word_1_62' title='bbox 1165 418 1262 459; x_wconf 82' lang='lat' dir='ltr'>Myth.</span> <span class='ocrx_word' id='word_1_63' title='bbox 1288 418 1318 448; x_wconf 85' lang='lat'>1²</span> <span class='ocrx_word' id='word_1_64' title='bbox 1338 430 1364 460; x_wconf 87' lang='lat' dir='ltr'>p.</span> <span class='ocrx_word' id='word_1_65' title='bbox 1382 419 1438 457; x_wconf 79' lang='lat'>41)</span> <span class='ocrx_word' id='word_1_66' title='bbox 1461 419 1592 459; x_wconf 74' lang='grc' dir='ltr'><strong><em>Κρόνος</em></strong></span> 
     </span>
     <span class='ocr_line' id='line_1_7' title="bbox 175 477 1590 522; baseline -0.004 -8"><span class='ocrx_word' id='word_1_67' title='bbox 175 485 204 513; x_wconf 80' lang='lat' dir='ltr'>et</span> <span class='ocrx_word' id='word_1_68' title='bbox 228 483 296 514; x_wconf 80' lang='grc' dir='ltr'>Ῥέα</span> <span class='ocrx_word' id='word_1_69' title='bbox 319 480 403 522; x_wconf 85' lang='lat' dir='ltr'>quasi</span> <span class='ocrx_word' id='word_1_70' title='bbox 438 490 533 510; x_wconf 88' lang='lat' dir='ltr'>novae</span> <span class='ocrx_word' id='word_1_71' title='bbox 570 479 682 510; x_wconf 85' lang='lat' dir='ltr'>formae</span> <span class='ocrx_word' id='word_1_72' title='bbox 710 478 793 509; x_wconf 73' lang='lat' dir='ltr'>Coeli</span> <span class='ocrx_word' id='word_1_73' title='bbox 821 481 850 508; x_wconf 88' lang='lat' dir='ltr'>et</span> <span class='ocrx_word' id='word_1_74' title='bbox 874 478 985 508; x_wconf 81' lang='lat' dir='ltr'>Terrae</span> <span class='ocrx_word' id='word_1_75' title='bbox 1008 477 1164 507; x_wconf 81' lang='lat' dir='ltr'><strong>habentur.</strong></span> <span class='ocrx_word' id='word_1_76' title='bbox 1214 479 1320 515; x_wconf 77' lang='grc' dir='ltr'><em>Τιτὰν,</em></span> <span class='ocrx_word' id='word_1_77' title='bbox 1345 477 1424 507; x_wconf 89' lang='lat' dir='ltr'>unde</span> <span class='ocrx_word' id='word_1_78' title='bbox 1451 477 1590 508; x_wconf 82' lang='grc' dir='ltr'><em>Τιτανασ</em></span> 
     </span>
     <span class='ocr_line' id='line_1_8' title="bbox 175 535 1590 578; baseline -0.001 -7"><span class='ocrx_word' id='word_1_79' title='bbox 175 540 322 571; x_wconf 87' lang='lat' dir='ltr'>nominari</span> <span class='ocrx_word' id='word_1_80' title='bbox 356 542 400 570; x_wconf 90' lang='lat' dir='ltr'>est</span> <span class='ocrx_word' id='word_1_81' title='bbox 435 548 561 577; x_wconf 84' lang='lat' dir='ltr'>necesse,</span> <span class='ocrx_word' id='word_1_82' title='bbox 594 548 612 568; x_wconf 87' lang='lat' dir='ltr'>a</span> <span class='ocrx_word' id='word_1_83' title='bbox 643 537 767 577; x_wconf 87' lang='lat' dir='ltr'>Mayero</span> <span class='ocrx_word' id='word_1_84' title='bbox 800 536 965 576; x_wconf 80' lang='lat' dir='ltr'>(Giganten</span> <span class='ocrx_word' id='word_1_85' title='bbox 994 546 1022 566; x_wconf 94' lang='lat' dir='ltr'>u.</span> <span class='ocrx_word' id='word_1_86' title='bbox 1049 535 1106 565; x_wconf 87' lang='lat' dir='ltr'>Tit.</span> <span class='ocrx_word' id='word_1_87' title='bbox 1136 546 1162 577; x_wconf 95' lang='lat' dir='ltr'>p.</span> <span class='ocrx_word' id='word_1_88' title='bbox 1189 535 1244 575; x_wconf 67' lang='lat'>72)</span> <span class='ocrx_word' id='word_1_89' title='bbox 1268 535 1340 566; x_wconf 88' lang='lat' dir='ltr'>deus</span> <span class='ocrx_word' id='word_1_90' title='bbox 1363 546 1427 578; x_wconf 80' lang='lat' dir='ltr'>esse</span> <span class='ocrx_word' id='word_1_91' title='bbox 1450 547 1469 566; x_wconf 88' lang='lat' dir='ltr'>a</span> <span class='ocrx_word' id='word_1_92' title='bbox 1492 536 1590 569; x_wconf 85' lang='lat' dir='ltr'>Crono</span> 
     </span>
     <span class='ocr_line' id='line_1_9' title="bbox 175 593 1590 636; baseline -0.001 -8"><span class='ocrx_word' id='word_1_93' title='bbox 175 598 339 629; x_wconf 85' lang='lat' dir='ltr'>disiunctus</span> <span class='ocrx_word' id='word_1_94' title='bbox 366 596 562 635; x_wconf 80' lang='lat' dir='ltr'>existimatur,</span> <span class='ocrx_word' id='word_1_95' title='bbox 598 595 694 636; x_wconf 88' lang='lat' dir='ltr'>potius</span> <span class='ocrx_word' id='word_1_96' title='bbox 731 605 801 625; x_wconf 86' lang='lat' dir='ltr'>vero</span> <span class='ocrx_word' id='word_1_97' title='bbox 828 596 926 626; x_wconf 79' lang='grc' dir='ltr'><em>Τιτὰν</em></span> <span class='ocrx_word' id='word_1_98' title='bbox 949 594 1075 624; x_wconf 81' lang='lat' dir='ltr'>alterum</span> <span class='ocrx_word' id='word_1_99' title='bbox 1100 593 1303 623; x_wconf 85' lang='lat' dir='ltr'>tantummodo</span> <span class='ocrx_word' id='word_1_100' title='bbox 1328 604 1434 624; x_wconf 90' lang='lat' dir='ltr'>nomen</span> <span class='ocrx_word' id='word_1_101' title='bbox 1459 594 1590 626; x_wconf 81' lang='lat' dir='ltr'>eiusdem</span> 
     </span>
     <span class='ocr_line' id='line_1_10' title="bbox 176 650 1588 693; baseline -0.001 -8"><span class='ocrx_word' id='word_1_102' title='bbox 176 656 221 685; x_wconf 88' lang='lat' dir='ltr'>dei</span> <span class='ocrx_word' id='word_1_103' title='bbox 247 659 297 685; x_wconf 81' lang='lat' dir='ltr'>est.</span> <span class='ocrx_word' id='word_1_104' title='bbox 345 654 394 683; x_wconf 92' lang='lat' dir='ltr'>Ab</span> <span class='ocrx_word' id='word_1_105' title='bbox 425 653 555 683; x_wconf 78' lang='lat' dir='ltr'>Hesiodo</span> <span class='ocrx_word' id='word_1_106' title='bbox 591 663 661 683; x_wconf 86' lang='lat' dir='ltr'>vero</span> <span class='ocrx_word' id='word_1_107' title='bbox 697 652 798 693; x_wconf 89' lang='lat' dir='ltr'>paullo</span> <span class='ocrx_word' id='word_1_108' title='bbox 825 652 925 681; x_wconf 83' lang='lat' dir='ltr'>differt</span> <span class='ocrx_word' id='word_1_109' title='bbox 953 652 1049 690; x_wconf 87' lang='lat' dir='ltr'>Plato,</span> <span class='ocrx_word' id='word_1_110' title='bbox 1077 651 1127 691; x_wconf 91' lang='lat' dir='ltr'>qui</span> <span class='ocrx_word' id='word_1_111' title='bbox 1152 650 1241 690; x_wconf 86' lang='lat' dir='ltr'>(Tim.</span> <span class='ocrx_word' id='word_1_112' title='bbox 1267 651 1311 680; x_wconf 80' lang='lat'>40</span> <span class='ocrx_word' id='word_1_113' title='bbox 1336 654 1361 688; x_wconf 88' lang='lat' dir='ltr'>o)</span> <span class='ocrx_word' id='word_1_114' title='bbox 1386 651 1445 681; x_wconf 83' lang='lat' dir='ltr'>tria</span> <span class='ocrx_word' id='word_1_115' title='bbox 1469 652 1588 683; x_wconf 84' lang='lat' dir='ltr'>deorum</span> 
     </span>
     <span class='ocr_line' id='line_1_11' title="bbox 176 708 1590 753; baseline -0.003 -9"><span class='ocrx_word' id='word_1_116' title='bbox 176 724 285 753; x_wconf 82' lang='lat' dir='ltr'>genera</span> <span class='ocrx_word' id='word_1_117' title='bbox 321 716 389 743; x_wconf 81' lang='lat' dir='ltr'>ante</span> <span class='ocrx_word' id='word_1_118' title='bbox 429 711 529 742; x_wconf 83' lang='lat' dir='ltr'>Iovem</span> <span class='ocrx_word' id='word_1_119' title='bbox 563 712 640 751; x_wconf 74' lang='grc' dir='ltr'>(Δία)</span> <span class='ocrx_word' id='word_1_120' title='bbox 673 710 783 741; x_wconf 83' lang='lat' dir='ltr'>statuit.</span> <span class='ocrx_word' id='word_1_121' title='bbox 835 710 994 740; x_wconf 80' lang='lat' dir='ltr'>Praeterea</span> <span class='ocrx_word' id='word_1_122' title='bbox 1018 720 1077 740; x_wconf 90' lang='lat' dir='ltr'>non</span> <span class='ocrx_word' id='word_1_123' title='bbox 1102 712 1153 748; x_wconf 88' lang='lat' dir='ltr'>est,</span> <span class='ocrx_word' id='word_1_124' title='bbox 1177 709 1256 750; x_wconf 92' lang='lat' dir='ltr'>quod</span> <span class='ocrx_word' id='word_1_125' title='bbox 1281 708 1368 739; x_wconf 83' lang='lat' dir='ltr'>valde</span> <span class='ocrx_word' id='word_1_126' title='bbox 1393 709 1535 740; x_wconf 90' lang='lat' dir='ltr'>miremur</span> <span class='ocrx_word' id='word_1_127' title='bbox 1554 710 1590 740; x_wconf 88' lang='lat' dir='ltr'>de</span> 
     </span>
     <span class='ocr_line' id='line_1_12' title="bbox 176 769 1590 812; baseline -0.002 -10"><span class='ocrx_word' id='word_1_128' title='bbox 176 772 229 802; x_wconf 86' lang='lat' dir='ltr'>deo</span> <span class='ocrx_word' id='word_1_129' title='bbox 254 771 466 812; x_wconf 78' lang='lat' dir='ltr'>antiquissimo,</span> <span class='ocrx_word' id='word_1_130' title='bbox 490 770 541 811; x_wconf 93' lang='lat' dir='ltr'>qui</span> <span class='ocrx_word' id='word_1_131' title='bbox 567 774 610 801; x_wconf 84' lang='lat' dir='ltr'>est</span> <span class='ocrx_word' id='word_1_132' title='bbox 637 772 790 810; x_wconf 76' lang='grc' dir='ltr'><em>Οὐρανος,</em></span> <span class='ocrx_word' id='word_1_133' title='bbox 829 769 904 800; x_wconf 83' lang='lat' dir='ltr'>nihil</span> <span class='ocrx_word' id='word_1_134' title='bbox 930 769 989 800; x_wconf 91' lang='lat' dir='ltr'>fere</span> <span class='ocrx_word' id='word_1_135' title='bbox 1014 772 1130 810; x_wconf 85' lang='lat' dir='ltr'>praeter</span> <span class='ocrx_word' id='word_1_136' title='bbox 1154 779 1259 799; x_wconf 86' lang='lat' dir='ltr'>nomen</span> <span class='ocrx_word' id='word_1_137' title='bbox 1285 778 1347 799; x_wconf 89' lang='lat' dir='ltr'>esse</span> <span class='ocrx_word' id='word_1_138' title='bbox 1372 772 1482 808; x_wconf 87' lang='lat' dir='ltr'>notum,</span> <span class='ocrx_word' id='word_1_139' title='bbox 1507 779 1590 810; x_wconf 83' lang='lat' dir='ltr'>prae-</span> 
     </span>
     <span class='ocr_line' id='line_1_13' title="bbox 176 826 1592 869; baseline -0.002 -10"><span class='ocrx_word' id='word_1_140' title='bbox 176 829 274 860; x_wconf 83' lang='lat' dir='ltr'>sertim</span> <span class='ocrx_word' id='word_1_141' title='bbox 300 839 367 858; x_wconf 73' lang='lat' dir='ltr'>eum</span> <span class='ocrx_word' id='word_1_142' title='bbox 392 829 427 858; x_wconf 90' lang='lat' dir='ltr'>de</span> <span class='ocrx_word' id='word_1_143' title='bbox 452 828 634 869; x_wconf 78' lang='lat' dir='ltr'>temporibus</span> <span class='ocrx_word' id='word_1_144' title='bbox 658 827 716 857; x_wconf 92' lang='lat' dir='ltr'>illis</span> <span class='ocrx_word' id='word_1_145' title='bbox 744 827 961 867; x_wconf 78' lang='lat' dir='ltr'>antiquissimis</span> <span class='ocrx_word' id='word_1_146' title='bbox 983 826 1062 856; x_wconf 89' lang='lat' dir='ltr'>haud</span> <span class='ocrx_word' id='word_1_147' title='bbox 1087 826 1129 856; x_wconf 84' lang='lat' dir='ltr'>ita</span> <span class='ocrx_word' id='word_1_148' title='bbox 1158 826 1251 856; x_wconf 87' lang='lat' dir='ltr'>multa</span> <span class='ocrx_word' id='word_1_149' title='bbox 1275 826 1415 857; x_wconf 88' lang='lat' dir='ltr'>norimus.</span> <span class='ocrx_word' id='word_1_150' title='bbox 1463 826 1592 865; x_wconf 78' lang='grc' dir='ltr'><strong><em>Κρόνος</em></strong></span> 
     </span>
     <span class='ocr_line' id='line_1_14' title="bbox 176 883 1591 926; baseline -0.001 -10"><span class='ocrx_word' id='word_1_151' title='bbox 176 898 253 924; x_wconf 86' lang='lat' dir='ltr'>vero,</span> <span class='ocrx_word' id='word_1_152' title='bbox 273 886 321 926; x_wconf 86' lang='lat' dir='ltr'>qui</span> <span class='ocrx_word' id='word_1_153' title='bbox 348 886 441 916; x_wconf 90' lang='lat' dir='ltr'>multo</span> <span class='ocrx_word' id='word_1_154' title='bbox 470 886 617 916; x_wconf 81' lang='lat' dir='ltr'>inferioris</span> <span class='ocrx_word' id='word_1_155' title='bbox 655 888 717 915; x_wconf 83' lang='lat' dir='ltr'>erat</span> <span class='ocrx_word' id='word_1_156' title='bbox 754 885 859 915; x_wconf 83' lang='lat' dir='ltr'>aetatis</span> <span class='ocrx_word' id='word_1_157' title='bbox 884 885 994 925; x_wconf 85' lang='lat' dir='ltr'>quique</span> <span class='ocrx_word' id='word_1_158' title='bbox 1019 885 1057 914; x_wconf 87' lang='lat' dir='ltr'>ab</span> <span class='ocrx_word' id='word_1_159' title='bbox 1081 883 1212 914; x_wconf 82' lang='lat' dir='ltr'>Homero</span> <span class='ocrx_word' id='word_1_160' title='bbox 1236 894 1364 923; x_wconf 82' lang='lat' dir='ltr'>magnus</span> <span class='ocrx_word' id='word_1_161' title='bbox 1388 885 1514 924; x_wconf 77' lang='grc' dir='ltr'>(μέγας)</span> <span class='ocrx_word' id='word_1_162' title='bbox 1539 895 1591 925; x_wconf 83' lang='lat' dir='ltr'>ap-</span> 
     </span>
     <span class='ocr_line' id='line_1_15' title="bbox 178 941 1591 984; baseline -0.001 -11"><span class='ocrx_word' id='word_1_163' title='bbox 178 944 303 984; x_wconf 78' lang='lat' dir='ltr'>pellatur</span> <span class='ocrx_word' id='word_1_164' title='bbox 326 943 373 981; x_wconf 92' lang='lat' dir='ltr'>(ll.</span> <span class='ocrx_word' id='word_1_165' title='bbox 400 943 428 981; x_wconf 80' lang='lat'>5,</span> <span class='ocrx_word' id='word_1_166' title='bbox 456 943 540 981; x_wconf 75' lang='lat'>7021),</span> <span class='ocrx_word' id='word_1_167' title='bbox 568 953 622 972; x_wconf 78' lang='lat' dir='ltr'>sua</span> <span class='ocrx_word' id='word_1_168' title='bbox 658 942 750 982; x_wconf 83' lang='lat' dir='ltr'>ipsius</span> <span class='ocrx_word' id='word_1_169' title='bbox 780 942 909 972; x_wconf 85' lang='lat' dir='ltr'>habebat</span> <span class='ocrx_word' id='word_1_170' title='bbox 935 942 965 971; x_wconf 89' lang='lat' dir='ltr'>in</span> <span class='ocrx_word' id='word_1_171' title='bbox 990 941 1118 972; x_wconf 81' lang='lat' dir='ltr'>Graecia</span> <span class='ocrx_word' id='word_1_172' title='bbox 1141 952 1234 980; x_wconf 84' lang='lat' dir='ltr'>sacra,</span> <span class='ocrx_word' id='word_1_173' title='bbox 1263 952 1338 981; x_wconf 89' lang='lat' dir='ltr'>quae</span> <span class='ocrx_word' id='word_1_174' title='bbox 1363 944 1487 981; x_wconf 84' lang='grc' dir='ltr'><strong><em>Κρόνια</em></strong></span> <span class='ocrx_word' id='word_1_175' title='bbox 1506 952 1591 972; x_wconf 86' lang='lat' dir='ltr'>voca-</span> 
     </span>
     <span class='ocr_line' id='line_1_16' title="bbox 178 998 1590 1040; baseline -0.002 -9"><span class='ocrx_word' id='word_1_176' title='bbox 178 1002 284 1031; x_wconf 87' lang='lat' dir='ltr'>bantur</span> <span class='ocrx_word' id='word_1_177' title='bbox 308 1004 336 1030; x_wconf 87' lang='lat' dir='ltr'>et</span> <span class='ocrx_word' id='word_1_178' title='bbox 360 1011 377 1030; x_wconf 83' lang='lat' dir='ltr'>a</span> <span class='ocrx_word' id='word_1_179' title='bbox 401 999 525 1030; x_wconf 71' lang='lat' dir='ltr'>Graecis</span> <span class='ocrx_word' id='word_1_180' title='bbox 550 999 651 1029; x_wconf 73' lang='lat' dir='ltr'>multis</span> <span class='ocrx_word' id='word_1_181' title='bbox 678 999 748 1029; x_wconf 86' lang='lat' dir='ltr'>locis</span> <span class='ocrx_word' id='word_1_182' title='bbox 774 999 926 1040; x_wconf 82' lang='lat' dir='ltr'>republica</span> <span class='ocrx_word' id='word_1_183' title='bbox 950 999 1034 1029; x_wconf 86' lang='lat' dir='ltr'>salva</span> <span class='ocrx_word' id='word_1_184' title='bbox 1055 999 1197 1029; x_wconf 82' lang='lat' dir='ltr'>celebrari</span> <span class='ocrx_word' id='word_1_185' title='bbox 1222 998 1357 1029; x_wconf 83' lang='lat' dir='ltr'>solebant</span> <span class='ocrx_word' id='word_1_186' title='bbox 1380 998 1514 1037; x_wconf 84' lang='lat' dir='ltr'>(Preller,</span> <span class='ocrx_word' id='word_1_187' title='bbox 1538 998 1590 1028; x_wconf 84' lang='lat' dir='ltr'>Gr.</span> 
     </span>
     <span class='ocr_line' id='line_1_17' title="bbox 177 1054 466 1099; baseline -0.003 -11"><span class='ocrx_word' id='word_1_188' title='bbox 177 1058 272 1099; x_wconf 86' lang='lat' dir='ltr'>Myth.</span> <span class='ocrx_word' id='word_1_189' title='bbox 299 1054 307 1067; x_wconf 74' lang='lat'>²</span> <span class='ocrx_word' id='word_1_190' title='bbox 334 1069 359 1099; x_wconf 90' lang='lat' dir='ltr'>p.</span> <span class='ocrx_word' id='word_1_191' title='bbox 385 1058 466 1098; x_wconf 78' lang='lat'>44³).</span> 
     </span>
    </p>

    <p class='ocr_par' dir='ltr' id='par_1_3' title="bbox 154 1114 1632 2192">
     <span class='ocr_line' id='line_1_18' title="bbox 262 1114 1591 1155; baseline -0.001 -11"><span class='ocrx_word' id='word_1_192' title='bbox 262 1116 304 1144; x_wconf 84' lang='lat' dir='ltr'>At</span> <span class='ocrx_word' id='word_1_193' title='bbox 328 1126 385 1145; x_wconf 88' lang='lat' dir='ltr'>non</span> <span class='ocrx_word' id='word_1_194' title='bbox 411 1115 505 1145; x_wconf 88' lang='lat' dir='ltr'>solum</span> <span class='ocrx_word' id='word_1_195' title='bbox 527 1115 606 1155; x_wconf 85' lang='lat' dir='ltr'>apud</span> <span class='ocrx_word' id='word_1_196' title='bbox 630 1115 760 1144; x_wconf 78' lang='lat' dir='ltr'>Graecos</span> <span class='ocrx_word' id='word_1_197' title='bbox 785 1115 858 1144; x_wconf 81' lang='lat' dir='ltr'>haee</span> <span class='ocrx_word' id='word_1_198' title='bbox 883 1114 1005 1144; x_wconf 86' lang='lat' dir='ltr'>deorum</span> <span class='ocrx_word' id='word_1_199' title='bbox 1030 1115 1154 1144; x_wconf 87' lang='lat' dir='ltr'>mutatio</span> <span class='ocrx_word' id='word_1_200' title='bbox 1179 1114 1317 1151; x_wconf 81' lang='lat' dir='ltr'>cernitur,</span> <span class='ocrx_word' id='word_1_201' title='bbox 1338 1114 1389 1144; x_wconf 84' lang='lat' dir='ltr'>sed</span> <span class='ocrx_word' id='word_1_202' title='bbox 1406 1114 1494 1144; x_wconf 82' lang='lat' dir='ltr'>etiam</span> <span class='ocrx_word' id='word_1_203' title='bbox 1512 1114 1591 1155; x_wconf 91' lang='lat' dir='ltr'>apud</span> 
     </span>
     <span class='ocr_line' id='line_1_19' title="bbox 178 1171 1590 1212; baseline -0.001 -10"><span class='ocrx_word' id='word_1_204' title='bbox 178 1182 415 1212; x_wconf 85' lang='lat' dir='ltr'>unamquamque</span> <span class='ocrx_word' id='word_1_205' title='bbox 448 1172 508 1201; x_wconf 84' lang='lat' dir='ltr'>fere</span> <span class='ocrx_word' id='word_1_206' title='bbox 542 1175 659 1211; x_wconf 79' lang='lat' dir='ltr'>gentem</span> <span class='ocrx_word' id='word_1_207' title='bbox 698 1171 969 1211; x_wconf 83' lang='lat' dir='ltr'>indogermanieam</span> <span class='ocrx_word' id='word_1_208' title='bbox 1007 1171 1109 1201; x_wconf 88' lang='lat' dir='ltr'>eadem</span> <span class='ocrx_word' id='word_1_209' title='bbox 1144 1171 1356 1201; x_wconf 78' lang='lat' dir='ltr'>vicissitudinis</span> <span class='ocrx_word' id='word_1_210' title='bbox 1385 1171 1459 1200; x_wconf 86' lang='lat' dir='ltr'>ratio</span> <span class='ocrx_word' id='word_1_211' title='bbox 1489 1171 1590 1200; x_wconf 86' lang='lat' dir='ltr'>valuit.</span> 
     </span>
     <span class='ocr_line' id='line_1_20' title="bbox 178 1228 1590 1269; baseline -0.001 -10"><span class='ocrx_word' id='word_1_212' title='bbox 178 1230 273 1266; x_wconf 78' lang='lat' dir='ltr'>Quid?</span> <span class='ocrx_word' id='word_1_213' title='bbox 308 1229 393 1269; x_wconf 86' lang='lat' dir='ltr'>quod,</span> <span class='ocrx_word' id='word_1_214' title='bbox 430 1229 519 1259; x_wconf 78' lang='lat' dir='ltr'>Indos</span> <span class='ocrx_word' id='word_1_215' title='bbox 544 1240 668 1269; x_wconf 72' lang='lat' dir='ltr'>quoque,</span> <span class='ocrx_word' id='word_1_216' title='bbox 688 1229 712 1259; x_wconf 88' lang='lat' dir='ltr'>si</span> <span class='ocrx_word' id='word_1_217' title='bbox 738 1229 873 1259; x_wconf 71' lang='lat' dir='ltr'>earmina</span> <span class='ocrx_word' id='word_1_218' title='bbox 902 1229 1005 1259; x_wconf 82' lang='lat' dir='ltr'>vediea</span> <span class='ocrx_word' id='word_1_219' title='bbox 1034 1229 1212 1269; x_wconf 83' lang='lat' dir='ltr'>perscrutari</span> <span class='ocrx_word' id='word_1_220' title='bbox 1238 1228 1379 1267; x_wconf 83' lang='lat' dir='ltr'>volemus,</span> <span class='ocrx_word' id='word_1_221' title='bbox 1404 1232 1462 1259; x_wconf 86' lang='lat' dir='ltr'>tres</span> <span class='ocrx_word' id='word_1_222' title='bbox 1487 1228 1590 1258; x_wconf 82' lang='lat' dir='ltr'>saltem</span> 
     </span>
     <span class='ocr_line' id='line_1_21' title="bbox 177 1285 1592 1325; baseline -0.001 -9"><span class='ocrx_word' id='word_1_223' title='bbox 177 1287 244 1316; x_wconf 83' lang='lat' dir='ltr'>deos</span> <span class='ocrx_word' id='word_1_224' title='bbox 264 1297 393 1317; x_wconf 88' lang='lat' dir='ltr'>summos</span> <span class='ocrx_word' id='word_1_225' title='bbox 417 1286 541 1316; x_wconf 74' lang='lat' dir='ltr'>coluisse</span> <span class='ocrx_word' id='word_1_226' title='bbox 563 1287 736 1325; x_wconf 75' lang='lat' dir='ltr'>videbimus,</span> <span class='ocrx_word' id='word_1_227' title='bbox 757 1298 827 1317; x_wconf 89' lang='lat' dir='ltr'>nam</span> <span class='ocrx_word' id='word_1_228' title='bbox 852 1290 880 1316; x_wconf 86' lang='lat' dir='ltr'>et</span> <span class='ocrx_word' id='word_1_229' title='bbox 905 1287 1016 1325; x_wconf 68' lang='lat' dir='ltr'>Dfflius</span> <span class='ocrx_word' id='word_1_230' title='bbox 1040 1290 1069 1316; x_wconf 92' lang='lat' dir='ltr'>et</span> <span class='ocrx_word' id='word_1_231' title='bbox 1100 1287 1227 1316; x_wconf 73' lang='lat' dir='ltr'>Varema</span> <span class='ocrx_word' id='word_1_232' title='bbox 1251 1290 1280 1316; x_wconf 87' lang='lat' dir='ltr'>et</span> <span class='ocrx_word' id='word_1_233' title='bbox 1305 1286 1406 1316; x_wconf 70' lang='lat' dir='ltr'>Indra</span> <span class='ocrx_word' id='word_1_234' title='bbox 1430 1285 1488 1325; x_wconf 81' lang='lat' dir='ltr'>(cfr</span> <span class='ocrx_word' id='word_1_235' title='bbox 1512 1285 1592 1315; x_wconf 93' lang='lat' dir='ltr'>Lud—</span> 
     </span>
     <span class='ocr_line' id='line_1_22' title="bbox 178 1342 1592 1384; baseline -0.001 -11"><span class='ocrx_word' id='word_1_236' title='bbox 178 1344 245 1383; x_wconf 83' lang='lat' dir='ltr'>wig,</span> <span class='ocrx_word' id='word_1_237' title='bbox 270 1344 406 1382; x_wconf 73' lang='lat' dir='ltr'>Rigveda</span> <span class='ocrx_word' id='word_1_238' title='bbox 425 1344 453 1382; x_wconf 82' lang='grc'>3,</span> <span class='ocrx_word' id='word_1_239' title='bbox 476 1345 541 1373; x_wconf 86' lang='grc'>310</span> <span class='ocrx_word' id='word_1_240' title='bbox 565 1345 619 1384; x_wconf 86' lang='lat' dir='ltr'>sq.)</span> <span class='ocrx_word' id='word_1_241' title='bbox 644 1344 748 1374; x_wconf 82' lang='lat' dir='ltr'>iisdem</span> <span class='ocrx_word' id='word_1_242' title='bbox 773 1344 880 1374; x_wconf 80' lang='lat' dir='ltr'>summi</span> <span class='ocrx_word' id='word_1_243' title='bbox 907 1344 953 1374; x_wconf 86' lang='lat' dir='ltr'>dei</span> <span class='ocrx_word' id='word_1_244' title='bbox 978 1344 1129 1374; x_wconf 80' lang='lat' dir='ltr'>attributis</span> <span class='ocrx_word' id='word_1_245' title='bbox 1153 1347 1337 1374; x_wconf 82' lang='lat' dir='ltr'>exornantur</span> <span class='ocrx_word' id='word_1_246' title='bbox 1364 1363 1401 1365; x_wconf 97' lang='lat'><strong>—</strong></span> <span class='ocrx_word' id='word_1_247' title='bbox 1428 1342 1505 1383; x_wconf 89' lang='lat' dir='ltr'>quod</span> <span class='ocrx_word' id='word_1_248' title='bbox 1527 1342 1592 1383; x_wconf 95' lang='lat' dir='ltr'>qui-</span> 
     </span>
     <span class='ocr_line' id='line_1_23' title="bbox 178 1400 1632 1441; baseline -0.001 -11"><span class='ocrx_word' id='word_1_249' title='bbox 178 1401 241 1430; x_wconf 87' lang='lat' dir='ltr'>dem</span> <span class='ocrx_word' id='word_1_250' title='bbox 268 1401 471 1431; x_wconf 83' lang='lat' dir='ltr'>vicissitudine</span> <span class='ocrx_word' id='word_1_251' title='bbox 508 1401 612 1441; x_wconf 86' lang='lat' dir='ltr'>imperi</span> <span class='ocrx_word' id='word_1_252' title='bbox 649 1401 711 1430; x_wconf 79' lang='lat' dir='ltr'>sola</span> <span class='ocrx_word' id='word_1_253' title='bbox 746 1401 889 1441; x_wconf 76' lang='lat' dir='ltr'>explicari</span> <span class='ocrx_word' id='word_1_254' title='bbox 919 1405 1020 1441; x_wconf 87' lang='lat' dir='ltr'>potest.</span> <span class='ocrx_word' id='word_1_255' title='bbox 1073 1401 1151 1431; x_wconf 86' lang='lat' dir='ltr'>Nam</span> <span class='ocrx_word' id='word_1_256' title='bbox 1184 1400 1458 1439; x_wconf 42' lang='lat' dir='ltr'>”Henetheismnsffi</span> <span class='ocrx_word' id='word_1_257' title='bbox 1493 1400 1590 1440; x_wconf 81' lang='lat' dir='ltr'>qualis</span> <span class='ocrx_word' id='word_1_258' title='bbox 1629 1414 1632 1416; x_wconf 97' lang='lat'>·</span> 
     </span>
     <span class='ocr_line' id='line_1_24' title="bbox 178 1457 1591 1498; baseline -0.001 -11"><span class='ocrx_word' id='word_1_259' title='bbox 178 1468 195 1487; x_wconf 86' lang='lat' dir='ltr'>a</span> <span class='ocrx_word' id='word_1_260' title='bbox 220 1457 259 1487; x_wconf 91' lang='lat' dir='ltr'>M.</span> <span class='ocrx_word' id='word_1_261' title='bbox 280 1457 407 1488; x_wconf 77' lang='lat' dir='ltr'>Miillero</span> <span class='ocrx_word' id='word_1_262' title='bbox 433 1457 555 1498; x_wconf 84' lang='lat' dir='ltr'>(Essays</span> <span class='ocrx_word' id='word_1_263' title='bbox 580 1457 594 1486; x_wconf 91' lang='lat' dir='ltr'>I</span> <span class='ocrx_word' id='word_1_264' title='bbox 621 1457 672 1495; x_wconf 66' lang='lat'>25,</span> <span class='ocrx_word' id='word_1_265' title='bbox 697 1457 782 1496; x_wconf 87' lang='lat' dir='ltr'>alibi)</span> <span class='ocrx_word' id='word_1_266' title='bbox 803 1458 985 1498; x_wconf 77' lang='lat' dir='ltr'>proponitur,</span> <span class='ocrx_word' id='word_1_267' title='bbox 1009 1457 1091 1487; x_wconf 91' lang='lat' dir='ltr'>nullo</span> <span class='ocrx_word' id='word_1_268' title='bbox 1113 1458 1199 1488; x_wconf 91' lang='lat' dir='ltr'>modo</span> <span class='ocrx_word' id='word_1_269' title='bbox 1223 1458 1340 1488; x_wconf 86' lang='lat' dir='ltr'>defendi</span> <span class='ocrx_word' id='word_1_270' title='bbox 1366 1457 1473 1487; x_wconf 89' lang='lat' dir='ltr'>ferrive</span> <span class='ocrx_word' id='word_1_271' title='bbox 1498 1459 1591 1498; x_wconf 90' lang='lat' dir='ltr'>potest</span> 
     </span>
     <span class='ocr_line' id='line_1_25' title="bbox 178 1515 1593 1557; baseline 0.001 -12"><span class='ocrx_word' id='word_1_272' title='bbox 178 1516 412 1556; x_wconf 81' lang='lat' dir='ltr'>sententiamque</span> <span class='ocrx_word' id='word_1_273' title='bbox 437 1515 520 1546; x_wconf 87' lang='lat' dir='ltr'>illam</span> <span class='ocrx_word' id='word_1_274' title='bbox 546 1515 691 1556; x_wconf 82' lang='lat' dir='ltr'>Whitney</span> <span class='ocrx_word' id='word_1_275' title='bbox 717 1516 806 1545; x_wconf 79' lang='lat' dir='ltr'>etiam</span> <span class='ocrx_word' id='word_1_276' title='bbox 832 1515 995 1546; x_wconf 82' lang='lat' dir='ltr'>infirmavit</span> <span class='ocrx_word' id='word_1_277' title='bbox 1015 1519 1044 1546; x_wconf 88' lang='lat' dir='ltr'>et</span> <span class='ocrx_word' id='word_1_278' title='bbox 1068 1516 1177 1555; x_wconf 82' lang='lat' dir='ltr'>reiecit,</span> <span class='ocrx_word' id='word_1_279' title='bbox 1203 1526 1271 1546; x_wconf 84' lang='lat' dir='ltr'>nam</span> <span class='ocrx_word' id='word_1_280' title='bbox 1292 1516 1396 1546; x_wconf 83' lang='lat' dir='ltr'>iisdem</span> <span class='ocrx_word' id='word_1_281' title='bbox 1412 1515 1593 1557; x_wconf 83' lang='lat' dir='ltr'>temporibus</span> 
     </span>
     <span class='ocr_line' id='line_1_26' title="bbox 179 1572 1593 1614; baseline 0.001 -13"><span class='ocrx_word' id='word_1_282' title='bbox 179 1572 314 1603; x_wconf 85' lang='lat' dir='ltr'>laudibus</span> <span class='ocrx_word' id='word_1_283' title='bbox 337 1573 441 1603; x_wconf 87' lang='lat' dir='ltr'>iisdem</span> <span class='ocrx_word' id='word_1_284' title='bbox 467 1573 610 1603; x_wconf 84' lang='lat' dir='ltr'>celebrari</span> <span class='ocrx_word' id='word_1_285' title='bbox 640 1573 686 1602; x_wconf 88' lang='lat' dir='ltr'>dei</span> <span class='ocrx_word' id='word_1_286' title='bbox 716 1573 824 1602; x_wconf 86' lang='lat' dir='ltr'>diversi</span> <span class='ocrx_word' id='word_1_287' title='bbox 854 1573 977 1612; x_wconf 85' lang='lat' dir='ltr'>cogitari</span> <span class='ocrx_word' id='word_1_288' title='bbox 1007 1574 1058 1602; x_wconf 91' lang='lat' dir='ltr'>vix</span> <span class='ocrx_word' id='word_1_289' title='bbox 1083 1577 1213 1614; x_wconf 82' lang='lat' dir='ltr'>possunt,</span> <span class='ocrx_word' id='word_1_290' title='bbox 1237 1577 1268 1603; x_wconf 81' lang='lat' dir='ltr'>at</span> <span class='ocrx_word' id='word_1_291' title='bbox 1292 1577 1391 1603; x_wconf 80' lang='lat' dir='ltr'>tamen</span> <span class='ocrx_word' id='word_1_292' title='bbox 1413 1573 1593 1613; x_wconf 86' lang='lat' dir='ltr'>temporibus</span> 
     </span>
     <span class='ocr_line' id='line_1_27' title="bbox 178 1630 1592 1672; baseline 0 -12"><span class='ocrx_word' id='word_1_293' title='bbox 178 1630 244 1660; x_wconf 86' lang='lat' dir='ltr'>aliis</span> <span class='ocrx_word' id='word_1_294' title='bbox 268 1630 334 1661; x_wconf 82' lang='lat' dir='ltr'>aliis</span> <span class='ocrx_word' id='word_1_295' title='bbox 357 1631 417 1661; x_wconf 85' lang='lat' dir='ltr'>deis</span> <span class='ocrx_word' id='word_1_296' title='bbox 443 1631 573 1661; x_wconf 78' lang='lat' dir='ltr'>vicissim</span> <span class='ocrx_word' id='word_1_297' title='bbox 599 1641 651 1672; x_wconf 90' lang='lat' dir='ltr'>pro</span> <span class='ocrx_word' id='word_1_298' title='bbox 676 1631 799 1661; x_wconf 91' lang='lat' dir='ltr'>summis</span> <span class='ocrx_word' id='word_1_299' title='bbox 824 1631 934 1661; x_wconf 85' lang='lat' dir='ltr'>habitis</span> <span class='ocrx_word' id='word_1_300' title='bbox 958 1631 1047 1661; x_wconf 88' lang='lat' dir='ltr'>iidem</span> <span class='ocrx_word' id='word_1_301' title='bbox 1072 1631 1132 1662; x_wconf 87' lang='lat' dir='ltr'>fere</span> <span class='ocrx_word' id='word_1_302' title='bbox 1157 1631 1282 1662; x_wconf 84' lang='lat' dir='ltr'>honores</span> <span class='ocrx_word' id='word_1_303' title='bbox 1306 1631 1446 1661; x_wconf 84' lang='lat' dir='ltr'>facillime</span> <span class='ocrx_word' id='word_1_304' title='bbox 1470 1630 1592 1661; x_wconf 81' lang='lat' dir='ltr'>attribui</span> 
     </span>
     <span class='ocr_line' id='line_1_28' title="bbox 179 1688 1590 1730; baseline 0.001 -13"><span class='ocrx_word' id='word_1_305' title='bbox 179 1691 343 1727; x_wconf 79' lang='lat' dir='ltr'>potuerunt.</span> <span class='ocrx_word' id='word_1_306' title='bbox 379 1688 482 1728; x_wconf 84' lang='lat' dir='ltr'>Neque</span> <span class='ocrx_word' id='word_1_307' title='bbox 507 1699 577 1718; x_wconf 85' lang='lat' dir='ltr'>vero</span> <span class='ocrx_word' id='word_1_308' title='bbox 602 1688 681 1729; x_wconf 89' lang='lat' dir='ltr'>apud</span> <span class='ocrx_word' id='word_1_309' title='bbox 707 1688 821 1726; x_wconf 84' lang='lat' dir='ltr'>Persas,</span> <span class='ocrx_word' id='word_1_310' title='bbox 834 1699 959 1728; x_wconf 90' lang='lat' dir='ltr'>quorum</span> <span class='ocrx_word' id='word_1_311' title='bbox 974 1689 1078 1728; x_wconf 87' lang='lat' dir='ltr'>religio</span> <span class='ocrx_word' id='word_1_312' title='bbox 1096 1689 1300 1730; x_wconf 83' lang='lat' dir='ltr'>philosophiae</span> <span class='ocrx_word' id='word_1_313' title='bbox 1324 1689 1473 1730; x_wconf 86' lang='lat' dir='ltr'>quandam</span> <span class='ocrx_word' id='word_1_314' title='bbox 1498 1692 1590 1719; x_wconf 85' lang='lat' dir='ltr'>artem</span> 
     </span>
     <span class='ocr_line' id='line_1_29' title="bbox 179 1744 1592 1786; baseline 0.002 -13"><span class='ocrx_word' id='word_1_315' title='bbox 179 1744 297 1782; x_wconf 79' lang='lat' dir='ltr'>redolet,</span> <span class='ocrx_word' id='word_1_316' title='bbox 322 1744 448 1785; x_wconf 88' lang='lat' dir='ltr'>plurium</span> <span class='ocrx_word' id='word_1_317' title='bbox 474 1745 594 1775; x_wconf 78' lang='lat' dir='ltr'>deorum</span> <span class='ocrx_word' id='word_1_318' title='bbox 610 1745 714 1786; x_wconf 88' lang='lat' dir='ltr'>imperi</span> <span class='ocrx_word' id='word_1_319' title='bbox 730 1745 856 1784; x_wconf 79' lang='lat' dir='ltr'>vestigia</span> <span class='ocrx_word' id='word_1_320' title='bbox 869 1745 956 1786; x_wconf 78' lang='lat' dir='ltr'>plane</span> <span class='ocrx_word' id='word_1_321' title='bbox 973 1746 1086 1784; x_wconf 83' lang='lat' dir='ltr'>desunt,</span> <span class='ocrx_word' id='word_1_322' title='bbox 1099 1745 1244 1786; x_wconf 90' lang='lat' dir='ltr'>siquidem</span> <span class='ocrx_word' id='word_1_323' title='bbox 1270 1746 1412 1776; x_wconf 84' lang='lat' dir='ltr'>attentius</span> <span class='ocrx_word' id='word_1_324' title='bbox 1436 1756 1497 1776; x_wconf 84' lang='lat' dir='ltr'>rem</span> <span class='ocrx_word' id='word_1_325' title='bbox 1523 1756 1592 1776; x_wconf 85' lang='lat' dir='ltr'>con·</span> 
     </span>
     <span class='ocr_line' id='line_1_30' title="bbox 180 1801 1592 1845; baseline 0.002 -13"><span class='ocrx_word' id='word_1_326' title='bbox 180 1801 347 1833; x_wconf 82' lang='lat' dir='ltr'>sideremns.</span> <span class='ocrx_word' id='word_1_327' title='bbox 373 1802 473 1834; x_wconf 83' lang='lat' dir='ltr'>Celtae</span> <span class='ocrx_word' id='word_1_328' title='bbox 487 1814 603 1844; x_wconf 87' lang='lat' dir='ltr'>quoque</span> <span class='ocrx_word' id='word_1_329' title='bbox 617 1803 716 1845; x_wconf 75' lang='lat' dir='ltr'>plures</span> <span class='ocrx_word' id='word_1_330' title='bbox 729 1803 798 1834; x_wconf 80' lang='lat' dir='ltr'>deos</span> <span class='ocrx_word' id='word_1_331' title='bbox 815 1814 928 1834; x_wconf 86' lang='lat' dir='ltr'>summo</span> <span class='ocrx_word' id='word_1_332' title='bbox 953 1804 1063 1835; x_wconf 83' lang='lat' dir='ltr'>honore</span> <span class='ocrx_word' id='word_1_333' title='bbox 1080 1804 1216 1835; x_wconf 85' lang='lat' dir='ltr'>colebant</span> <span class='ocrx_word' id='word_1_334' title='bbox 1232 1804 1343 1841; x_wconf 65' lang='lat' dir='ltr'>(confer</span> <span class='ocrx_word' id='word_1_335' title='bbox 1358 1804 1467 1835; x_wconf 89' lang='lat' dir='ltr'>librum</span> <span class='ocrx_word' id='word_1_336' title='bbox 1485 1815 1592 1844; x_wconf 82' lang='lat' dir='ltr'>meum,</span> 
     </span>
     <span class='ocr_line' id='line_1_31' title="bbox 177 1860 1591 1903; baseline 0.004 -15"><span class='ocrx_word' id='word_1_337' title='bbox 177 1860 228 1899; x_wconf 92' lang='lat' dir='ltr'>qui</span> <span class='ocrx_word' id='word_1_338' title='bbox 253 1860 423 1890; x_wconf 79' lang='lat' dir='ltr'>inscribitur</span> <span class='ocrx_word' id='word_1_339' title='bbox 447 1861 751 1900; x_wconf 79' lang='lat' dir='ltr'>”Indogermanernas</span> <span class='ocrx_word' id='word_1_340' title='bbox 776 1862 880 1900; x_wconf 70' lang='lat' dir='ltr'>hogste</span> <span class='ocrx_word' id='word_1_341' title='bbox 905 1862 979 1900; x_wconf 75' lang='lat' dir='ltr'>gn(l”</span> <span class='ocrx_word' id='word_1_342' title='bbox 1004 1873 1030 1902; x_wconf 90' lang='lat' dir='ltr'>p.</span> <span class='ocrx_word' id='word_1_343' title='bbox 1057 1863 1117 1899; x_wconf 79' lang='lat'>79).</span> <span class='ocrx_word' id='word_1_344' title='bbox 1166 1863 1194 1892; x_wconf 84' lang='lat' dir='ltr'>A</span> <span class='ocrx_word' id='word_1_345' title='bbox 1220 1862 1379 1893; x_wconf 86' lang='lat' dir='ltr'>Germanis</span> <span class='ocrx_word' id='word_1_346' title='bbox 1407 1862 1477 1902; x_wconf 74' lang='lat' dir='ltr'>Tyr,</span> <span class='ocrx_word' id='word_1_347' title='bbox 1502 1862 1591 1903; x_wconf 71' lang='lat' dir='ltr'>Odia,</span> 
     </span>
     <span class='ocr_line' id='line_1_32' title="bbox 154 1915 1591 1960; baseline 0.004 -16"><span class='ocrx_word' id='word_1_348' title='bbox 154 1919 158 1922; x_wconf 84' lang='lat'><strong><em>‘</em></strong></span> <span class='ocrx_word' id='word_1_349' title='bbox 182 1915 261 1945; x_wconf 74' lang='lat' dir='ltr'>Thur</span> <span class='ocrx_word' id='word_1_350' title='bbox 285 1916 393 1947; x_wconf 90' lang='lat' dir='ltr'>honore</span> <span class='ocrx_word' id='word_1_351' title='bbox 417 1917 560 1959; x_wconf 74' lang='lat' dir='ltr'>principis</span> <span class='ocrx_word' id='word_1_352' title='bbox 584 1918 630 1948; x_wconf 84' lang='lat' dir='ltr'>dei</span> <span class='ocrx_word' id='word_1_353' title='bbox 656 1918 685 1948; x_wconf 90' lang='lat' dir='ltr'>in</span> <span class='ocrx_word' id='word_1_354' title='bbox 715 1918 811 1948; x_wconf 81' lang='lat' dir='ltr'>vicem</span> <span class='ocrx_word' id='word_1_355' title='bbox 839 1922 908 1948; x_wconf 86' lang='lat' dir='ltr'>sunt</span> <span class='ocrx_word' id='word_1_356' title='bbox 936 1919 1041 1949; x_wconf 68' lang='lat' dir='ltr'>affecti.</span> <span class='ocrx_word' id='word_1_357' title='bbox 1088 1919 1246 1950; x_wconf 80' lang='lat' dir='ltr'>Praeterea</span> <span class='ocrx_word' id='word_1_358' title='bbox 1270 1923 1302 1949; x_wconf 91' lang='lat' dir='ltr'>ut</span> <span class='ocrx_word' id='word_1_359' title='bbox 1326 1930 1344 1950; x_wconf 84' lang='lat' dir='ltr'>a</span> <span class='ocrx_word' id='word_1_360' title='bbox 1368 1920 1472 1950; x_wconf 80' lang='lat' dir='ltr'>ceteris</span> <span class='ocrx_word' id='word_1_361' title='bbox 1496 1920 1591 1960; x_wconf 86' lang='lat' dir='ltr'>genti-</span> 
     </span>
     <span class='ocr_line' id='line_1_33' title="bbox 178 1974 1591 2019; baseline 0.004 -16"><span class='ocrx_word' id='word_1_362' title='bbox 178 1974 231 2003; x_wconf 92' lang='lat' dir='ltr'>bus</span> <span class='ocrx_word' id='word_1_363' title='bbox 256 1974 510 2014; x_wconf 72' lang='lat' dir='ltr'>indogermanicis,</span> <span class='ocrx_word' id='word_1_364' title='bbox 536 1976 578 2006; x_wconf 88' lang='lat' dir='ltr'>ita</span> <span class='ocrx_word' id='word_1_365' title='bbox 602 1976 691 2006; x_wconf 85' lang='lat' dir='ltr'>etiam</span> <span class='ocrx_word' id='word_1_366' title='bbox 717 1987 734 2006; x_wconf 84' lang='lat' dir='ltr'>a</span> <span class='ocrx_word' id='word_1_367' title='bbox 759 1977 857 2006; x_wconf 84' lang='lat' dir='ltr'>Slavis</span> <span class='ocrx_word' id='word_1_368' title='bbox 881 1981 909 2006; x_wconf 88' lang='lat' dir='ltr'>et</span> <span class='ocrx_word' id='word_1_369' title='bbox 935 1977 1104 2008; x_wconf 83' lang='lat' dir='ltr'>Lithuaniis</span> <span class='ocrx_word' id='word_1_370' title='bbox 1121 1978 1260 2009; x_wconf 79' lang='lat' dir='ltr'>historica</span> <span class='ocrx_word' id='word_1_371' title='bbox 1276 1989 1351 2019; x_wconf 83' lang='lat' dir='ltr'>quae</span> <span class='ocrx_word' id='word_1_372' title='bbox 1372 1978 1479 2008; x_wconf 82' lang='lat' dir='ltr'>dieitur</span> <span class='ocrx_word' id='word_1_373' title='bbox 1495 1982 1591 2009; x_wconf 83' lang='lat' dir='ltr'>aetate</span> 
     </span>
     <span class='ocr_line' id='line_1_34' title="bbox 177 2031 1591 2077; baseline 0.004 -16"><span class='ocrx_word' id='word_1_374' title='bbox 177 2031 248 2061; x_wconf 85' lang='lat' dir='ltr'>deus</span> <span class='ocrx_word' id='word_1_375' title='bbox 284 2032 449 2077; x_wconf 79' lang='lat' dir='ltr'>tonitrualis</span> <span class='ocrx_word' id='word_1_376' title='bbox 485 2034 622 2073; x_wconf 57' lang='lat' dir='ltr'>(Perenni</span> <span class='ocrx_word' id='word_1_377' title='bbox 658 2038 686 2064; x_wconf 87' lang='lat' dir='ltr'>et</span> <span class='ocrx_word' id='word_1_378' title='bbox 727 2035 894 2073; x_wconf 61' lang='lat' dir='ltr'>Parlainas)</span> <span class='ocrx_word' id='word_1_379' title='bbox 936 2036 1071 2077; x_wconf 71' lang='lat' dir='ltr'>princeps</span> <span class='ocrx_word' id='word_1_380' title='bbox 1098 2040 1142 2067; x_wconf 81' lang='lat' dir='ltr'>est</span> <span class='ocrx_word' id='word_1_381' title='bbox 1170 2036 1297 2076; x_wconf 78' lang='lat' dir='ltr'>habitus,</span> <span class='ocrx_word' id='word_1_382' title='bbox 1321 2037 1369 2067; x_wconf 82' lang='lat' dir='ltr'>eui</span> <span class='ocrx_word' id='word_1_383' title='bbox 1393 2040 1492 2067; x_wconf 85' lang='lat' dir='ltr'>tamen</span> <span class='ocrx_word' id='word_1_384' title='bbox 1517 2036 1591 2067; x_wconf 89' lang='lat' dir='ltr'>alios</span> 
     </span>
     <span class='ocr_line' id='line_1_35' title="bbox 177 2088 1590 2135; baseline 0.005 -17"><span class='ocrx_word' id='word_1_385' title='bbox 177 2088 245 2118; x_wconf 84' lang='lat' dir='ltr'>deos</span> <span class='ocrx_word' id='word_1_386' title='bbox 265 2093 359 2119; x_wconf 85' lang='lat' dir='ltr'>aetate</span> <span class='ocrx_word' id='word_1_387' title='bbox 383 2091 572 2122; x_wconf 81' lang='lat' dir='ltr'>antecessisse</span> <span class='ocrx_word' id='word_1_388' title='bbox 593 2092 664 2122; x_wconf 83' lang='lat' dir='ltr'>satis</span> <span class='ocrx_word' id='word_1_389' title='bbox 689 2093 840 2131; x_wconf 74' lang='lat' dir='ltr'>cognitum</span> <span class='ocrx_word' id='word_1_390' title='bbox 872 2093 1023 2133; x_wconf 84' lang='lat' dir='ltr'>babemus,</span> <span class='ocrx_word' id='word_1_391' title='bbox 1051 2094 1178 2135; x_wconf 85' lang='lat' dir='ltr'>exempli</span> <span class='ocrx_word' id='word_1_392' title='bbox 1200 2094 1298 2134; x_wconf 82' lang='lat' dir='ltr'>gratia</span> <span class='ocrx_word' id='word_1_393' title='bbox 1322 2094 1438 2132; x_wconf 68' lang='lat' dir='ltr'>Svmvy</span> <span class='ocrx_word' id='word_1_394' title='bbox 1462 2097 1490 2124; x_wconf 84' lang='lat' dir='ltr'>et</span> <span class='ocrx_word' id='word_1_395' title='bbox 1514 2094 1590 2124; x_wconf 74' lang='lat' dir='ltr'>Sva-</span> 
     </span>
     <span class='ocr_line' id='line_1_36' title="bbox 178 2147 1589 2192; baseline 0.006 -18"><span class='ocrx_word' id='word_1_396' title='bbox 178 2147 258 2175; x_wconf 66' lang='lat' dir='ltr'>roilo</span> <span class='ocrx_word' id='word_1_397' title='bbox 281 2150 350 2176; x_wconf 67' lang='lat' dir='ltr'>sunt</span> <span class='ocrx_word' id='word_1_398' title='bbox 375 2149 547 2179; x_wconf 77' lang='lat' dir='ltr'>nominandi</span> <span class='ocrx_word' id='word_1_399' title='bbox 577 2149 646 2186; x_wconf 85' lang='lat' dir='ltr'>(vid.</span> <span class='ocrx_word' id='word_1_400' title='bbox 679 2149 785 2180; x_wconf 81' lang='lat' dir='ltr'>librum</span> <span class='ocrx_word' id='word_1_401' title='bbox 824 2161 919 2180; x_wconf 89' lang='lat' dir='ltr'>meum</span> <span class='ocrx_word' id='word_1_402' title='bbox 948 2163 972 2192; x_wconf 91' lang='lat' dir='ltr'>p.</span> <span class='ocrx_word' id='word_1_403' title='bbox 999 2152 1062 2189; x_wconf 81' lang='lat'>91).</span> <span class='ocrx_word' id='word_1_404' title='bbox 1110 2152 1192 2188; x_wconf 83' lang='lat' dir='ltr'>Quae</span> <span class='ocrx_word' id='word_1_405' title='bbox 1217 2162 1284 2182; x_wconf 82' lang='lat' dir='ltr'>cum</span> <span class='ocrx_word' id='word_1_406' title='bbox 1310 2152 1351 2181; x_wconf 81' lang='lat' dir='ltr'>ita</span> <span class='ocrx_word' id='word_1_407' title='bbox 1375 2152 1443 2191; x_wconf 85' lang='lat' dir='ltr'>sint,</span> <span class='ocrx_word' id='word_1_408' title='bbox 1469 2152 1589 2183; x_wconf 80' lang='lat' dir='ltr'>minime</span> 
     </span>
    </p>
   </div>
  </div>
 </body>
</html>
