1773 2449
137 64 179 97 26
789 78 811 99 s.
828 77 912 99 Linde.

135 153 311 194 tiquissimis
344 156 372 184 et
407 152 548 183 carminis
584 152 707 183 Saliaris
742 152 925 194 temporibus
952 150 1022 183 sunt
1049 153 1234 194 repetendae,
1262 153 1312 184 sed
1337 153 1511 195 simpliciter
1534 164 1550 184 e

134 211 301 243 Stoicorum
326 211 438 243 ratione
462 210 597 251 (Preller,
622 211 639 241 l.
664 221 687 241 c.
714 211 778 251 77),
802 221 891 252 quam
917 210 1004 252 plane
1029 210 1170 251 redolent,
1194 211 1358 252 ducendae,
1382 214 1470 253 atque
1488 212 1549 243 veri

134 270 320 306 simillimum
345 273 388 301 est
411 269 489 300 hanc
514 270 681 300 doctrinam
705 273 797 300 totam
824 280 842 300 a
866 269 973 309 stoicis,
997 269 1022 300 si
1046 279 1106 299 non
1132 269 1294 309 inventam,
1318 273 1349 300 at
1368 269 1549 311 explicatam

134 332 237 359 tamen
261 332 289 359 et
313 328 525 359 conformatam
538 338 600 358 esse
625 327 663 358 ad
687 328 832 358 rationem
857 338 967 367 eorum,
990 327 1041 368 qui
1066 338 1184 358 omnem
1202 327 1263 358 vim
1280 327 1414 358 divinam
1435 327 1467 358 in
1483 327 1550 358 uni-

134 397 222 417 versa
246 391 352 417 natura
375 386 465 416 sitam
489 397 552 416 esse
576 389 724 416 censeant.

227 444 331 474 Ianum
357 445 455 473 autem
480 443 511 472 in
536 443 667 473 carmine
704 442 852 473 Saliorum
876 446 1035 472 creatorem
1062 442 1244 483 appellatum
1274 453 1336 473 esse
1360 442 1482 473 minime
1506 445 1550 473 est

135 501 252 539 mirum,
277 511 343 530 nani
370 500 422 530 alii
446 511 562 540 quoque
586 500 720 539 gentium
749 500 1058 539 indogermanicarum
1083 500 1130 530 dei
1154 500 1263 530 summi
1288 504 1385 541 partes
1410 500 1549 531 creatoris

135 560 229 598 agunt
263 556 319 597 (cfr
354 556 463 587 librum
499 567 609 587 meum:
646 557 750 597 Indog.
779 557 807 587 h.
832 568 859 597 g.
885 568 911 598 p.
937 557 979 586 53
1003 567 1044 597 sq.
1070 560 1099 586 et
1123 568 1149 598 p.
1172 557 1234 596 68).
1281 556 1378 587 Immo
1402 557 1490 587 etiam
1516 560 1549 587 ut

135 615 207 646 deus
230 616 274 645 sui
300 618 403 656 potens
439 615 471 644 in
507 615 690 645 carminibus
727 615 837 645 vedicis
873 615 997 644 Dluttar
1021 615 1052 655 (i.
1077 625 1099 644 e.
1125 615 1251 653 creator)
1276 614 1434 654 inducitur,
1458 625 1481 644 e.
1505 625 1548 654 gr.

135 673 206 712 VII,
232 673 282 712 35,
309 673 336 711 3,
360 673 460 713 itaque
486 683 625 713 persaepe
653 673 685 702 in
713 672 788 702 libro
816 672 929 702 decimo
966 672 1145 712 hymnorum
1170 672 1340 703 vedicorum
1364 672 1405 711 fit,
1430 672 1480 702 ubi
1505 676 1549 702 ta-

134 740 202 761 men
226 731 320 760 ‹Iluita
344 730 382 760 ad
416 730 585 770 Varunum,
621 730 672 771 qui
708 730 851 760 mundum
888 729 1009 769 creavit,
1038 730 1080 760 ita
1108 730 1210 760 referri
1234 733 1338 771 potest,
1361 732 1394 759 ut
1418 740 1470 771 pro
1495 729 1549 760 deo

134 788 196 827 ipso
219 798 382 826 cognomen
407 788 470 818 eius
493 788 532 818 sit
557 788 692 828 positum.
740 788 819 817 Nam
844 791 958 817 creator
982 788 1116 829 (dhatar)
1140 791 1169 817 et
1187 788 1312 817 Varuna
1331 788 1407 817 idem
1426 791 1548 828 possunt

134 845 238 876 valere.
263 863 304 866 —
329 844 441 876 Eodem
467 845 553 876 modo
577 848 709 886 Κρόνος
731 844 764 885 (i.
791 856 814 875 e.
839 846 965 884 creator)
990 844 1062 875 deus
1086 844 1131 875 sui
1155 844 1227 875 iuris
1252 844 1346 875 factus
1366 855 1428 875 esse
1445 848 1546 886 potest.

135 904 262 940 Κρόνος
281 904 360 933 enim
385 914 549 942 cognomen
573 904 619 933 dei
644 904 751 933 summi
777 914 795 933 a
820 904 966 944 principio
983 903 1070 933 facile
1080 904 1143 942 fuit,
1156 914 1222 933 cum
1239 902 1548 943 OfiQavdgaGraecis

133 961 249 998 κράνος
272 960 320 990 vel
344 963 458 990 creator
482 960 571 990 etiam
593 960 741 990 nominari
766 960 902 1001 potuerit.

223 1019 403 1050 Litterarum
430 1018 590 1049 latinarum
616 1018 707 1058 igitur
732 1022 924 1049 monumenta
937 1022 965 1049 ct
980 1018 1148 1059 antiquiora
1172 1022 1200 1049 et
1225 1018 1389 1049 recentiora
1409 1017 1547 1048 laudibus

133 1076 271 1105 creatoris
306 1075 422 1114 Ianum,
458 1075 528 1104 licet
561 1086 648 1115 parce
672 1076 732 1114 fiat,
757 1079 872 1105 ornant.
920 1076 977 1105 Sed
1005 1076 1055 1115 qui
1080 1076 1225 1105 mundum
1253 1086 1367 1105 creasse
1394 1075 1546 1114 cogitetur,

133 1133 158 1164 is
181 1132 269 1164 etiam
293 1135 434 1173 regnator
458 1135 487 1163 et
511 1133 693 1173 gubernator
717 1133 821 1163 mundi
846 1133 999 1174 habeatur,
1024 1143 1114 1175 prope
1138 1136 1182 1164 est
1206 1143 1332 1164 necesse..
1379 1132 1462 1169 Quae
1482 1131 1547 1173 qui-

133 1191 196 1221 dem
222 1192 297 1221 ratio
321 1192 352 1221 in
377 1192 514 1222 omnibus
539 1192 599 1221 fere
624 1192 826 1231 religionibus,
861 1192 940 1232 quod
975 1192 1076 1231 sciam,
1102 1192 1188 1222 valet.
1236 1192 1337 1232 Atque
1361 1191 1403 1221 ita
1426 1191 1545 1231 quidem

132 1259 193 1279 esse
217 1249 247 1278 in
272 1249 415 1289 religione
439 1249 581 1280 Indorum
613 1249 671 1279 iam
700 1253 788 1280 antea
815 1249 931 1280 ostendi
960 1249 991 1279 in
1015 1249 1091 1280 libro
1115 1249 1175 1289 illo,
1194 1260 1282 1290 quem
1303 1248 1439 1290 inscripsi
1457 1247 1545 1278 Indo-

132 1318 342 1347 germanernas
366 1307 471 1347 hogste
495 1307 564 1347 gud,
590 1318 617 1348 p.
644 1307 694 1337 54.
743 1307 887 1344 Quocirca
923 1308 1047 1338 eandem
1084 1308 1228 1339 rationem
1257 1307 1409 1347 religionis
1436 1306 1545 1338 Roma-

131 1375 234 1394 norum
272 1375 334 1395 esse
362 1365 422 1394 iam
450 1375 503 1406 per
526 1376 556 1395 se
581 1365 721 1395 credibile
745 1369 796 1404 est,
821 1365 987 1405 Ianumque
1023 1365 1112 1396 fuisse
1148 1365 1244 1404 deum,
1267 1365 1318 1406 qui
1342 1368 1436 1396 totum
1460 1375 1546 1394 mun-

132 1422 201 1452 dum
227 1422 455 1452 administraret.
503 1421 539 1452 In
564 1422 697 1462 reliquiis
727 1433 794 1453 vero
824 1423 965 1453 carminis
990 1423 1120 1462 Saliaris,
1144 1423 1227 1453 cuius
1253 1423 1318 1464 plus
1343 1423 1400 1453 duo
1424 1422 1477 1452 vix
1501 1432 1545 1452 re-

131 1483 210 1510 stant
247 1490 350 1510 versus
385 1479 503 1519 integri,
539 1480 615 1510 nihil
644 1480 679 1510 de
707 1480 780 1511 Iano
809 1481 911 1511 mundi
937 1481 1133 1520 gubernatore
1157 1480 1298 1511 traditum
1324 1491 1394 1520 esse,
1418 1491 1478 1511 non
1502 1482 1545 1510 est

130 1537 207 1576 quod
233 1537 320 1567 valde
345 1537 495 1576 miremury
532 1547 712 1577 quamquam
740 1548 777 1567 ne
806 1538 882 1567 hanc
910 1538 1029 1578 quidem
1054 1538 1231 1569 sententiam
1256 1538 1397 1569 carminis
1422 1537 1544 1568 Saliaris

131 1603 261 1623 summae
297 1603 463 1634 repugnare
500 1604 570 1624 mox
606 1594 781 1624 videbimus.
832 1594 888 1624 Sed
917 1595 1043 1635 primum
1074 1595 1230 1625 afferemus
1258 1595 1336 1626 locos
1359 1595 1544 1636 scriptorum,

130 1661 202 1691 quos
227 1650 332 1681 Ianum
358 1651 461 1681 mundi
486 1652 716 1691 gubernatorem
741 1652 890 1682 celebrare
914 1653 1048 1692 cognitos
1071 1652 1222 1684 habemus.

221 1708 262 1739 Ut
286 1719 304 1739 a
328 1708 433 1740 Tuscis
457 1712 575 1740 auctore
600 1709 736 1740 Varrone
756 1711 872 1748 (Ioann.
898 1710 972 1751 Lyd.
998 1711 1033 1741 de
1057 1721 1148 1742 mens.
1176 1710 1230 1751 IV,
1249 1711 1278 1748 2)
1295 1713 1422 1751 ἑφοροσ
1437 1712 1544 1750 πάσησ

131 1764 280 1803 πράξεως
302 1766 393 1796 Ianus
417 1766 590 1805 habebatur,
616 1768 658 1797 ita
682 1768 771 1797 etiam
796 1779 813 1797 a
837 1768 982 1799 Romanis
1006 1772 1114 1798 cuneta
1138 1779 1240 1806 reffero
1257 1770 1439 1799 credebatur.
1466 1770 1543 1800 Mes-

131 1822 205 1851 salla
240 1823 327 1861 enim,
363 1823 446 1852 cuius
471 1823 528 1852 iam
555 1824 735 1854 mentionem
761 1825 891 1864 fecimus,
916 1826 994 1866 apud
1019 1826 1205 1856 Macrobium
1230 1825 1304 1865 (Sat.
1328 1826 1352 1866 Ι,
1374 1827 1403 1865 9,
1432 1827 1484 1864 14>
1508 1827 1544 1856 de

131 1879 204 1909 Iano
228 1879 374 1910 liberrime
395 1881 559 1921 profitetur:
585 1882 645 1918 Qui
669 1885 777 1912 (remota
795 1883 889 1920 finyit
917 1884 1078 1922 eademqne
1107 1885 1198 1922 rem&
1222 1884 1270 1914 hic
1295 1884 1387 1925 igitur
1410 1884 1542 1915 omnium

131 1947 229 1966 rerum
253 1942 354 1967 auctor
377 1937 484 1968 harum
511 1939 640 1979 ipsarum
667 1950 764 1969 rerum
790 1941 971 1979 gubernator
995 1945 1024 1971 et
1049 1942 1214 1972 moderator
1238 1953 1300 1973 esse
1316 1943 1406 1973 etiam
1427 1942 1542 1973 dicitur.

129 2081 247 2109 vocatur,
270 2081 454 2106 conclusionem
474 2082 633 2115 exprompsit
662 2083 834 2116 Augustinus:
865 2092 925 2109 nam
945 2085 979 2114 si,
998 2085 1094 2118 inquit,
1113 2087 1196 2111 ‹mzm's
1213 2088 1307 2118 qenins
1325 2086 1399 2112 Deus
1417 2089 1441 2112 et
1459 2088 1542 2112 omnis

129 2123 182 2148 viri
200 2124 306 2148 animus
325 2126 426 2155 qenins,
446 2127 573 2157 sequitur,
592 2129 620 2151 ut
639 2128 674 2152 sit
693 2129 778 2152 omnis
800 2128 853 2152 viri
872 2129 978 2153 animus
996 2129 1078 2154 Deus.
