1773 2449
649 105 685 126 De
700 105 760 126 Iano
775 112 870 126 summo
885 105 1022 127 Romanum
1038 106 1089 127 deo.
1542 91 1584 121 33

125 174 127 176 ³
168 184 272 213 manis
295 183 365 212 cleos
386 181 508 220 Ianum,
534 181 643 218 Iovem,
672 181 817 218 Martem,
847 181 962 217 Picum,
998 182 1149 220 Faunum,
1184 182 1367 220 Tiberinum,
1406 182 1584 219 Herculem,-

154 239 247 270 ’unde
271 238 414 269 concludo
450 238 555 268 Ianum
586 238 749 279 principem
774 237 861 268 deum
885 238 984 279 ,primo
1014 238 1170 273 nominari,
1195 239 1294 268 utoni
1319 240 1500 279 temporibus
1524 240 1583 270 illis

169 286 386 337 antiquissimis
407 296 520 337 primus
544 295 626 339 locus
650 295 738 326 tribui
765 295 878 326 soleret.

261 354 352 385 Ianus
377 354 600 395 antiquissimus
619 357 682 384 erat
706 353 786 393 deus,
802 363 872 390 nam
897 354 1111 394 antiquissimis
1136 354 1317 395 temporibus
1340 365 1424 396 opem
1450 359 1479 384 et
1498 357 1581 386 auxi-

171 412 245 442 lium
277 411 420 442 Romanis
447 412 524 451 tulit,
544 422 612 442 cum
637 411 668 441 in
693 422 808 441 summo
842 411 1012 441 discrimine
1040 422 1136 441 rerum
1167 412 1309 453 impetum
1335 412 1511 443 Sabinorum
1539 423 1582 443 re-

172 468 249 510 pulit
273 468 429 509 hostesque
453 469 491 499 ab
515 479 582 499 aree
607 468 747 507 defendit,
771 478 831 508 qua
854 468 890 498 de
914 478 945 498 re
969 479 1022 499 nos
1046 469 1184 499 certiores
1209 469 1280 499 facit
1304 469 1429 500 Ovidius
1453 469 1543 506 (Fast.
1569 471 1581 500 I

170 538 196 567 p.
223 526 287 556 259
314 537 375 567 sqq.
402 546 441 549 —
469 526 589 556 Metam.
615 525 704 565 XIV,
730 526 795 555 785
820 526 895 566 sqq.)
920 545 960 548 —
986 526 1030 556 cfr
1054 526 1185 556 Macrob.
1210 526 1269 557 Sat.
1294 527 1317 561 I,
1343 528 1371 562 9,
1400 527 1438 557 18
1459 531 1488 557 et
1507 527 1584 558 Har-

172 587 254 622 tung,
279 583 343 613 Rel.
368 584 394 613 d.
415 583 500 613 Rom.
528 583 561 613 II
585 594 612 624 p.
635 583 701 612 ⁶225
725 587 754 612 et
779 583 901 621 Preller,
925 583 1009 613 Rom.
1035 583 1130 623 Myth.
1146 584 1155 596 ²¹
1181 583 1195 613 I
1221 595 1247 624 p.
1269 585 1338 614 170.
1386 586 1428 615 At
1452 586 1475 615 si
1490 585 1584 616 nihilo

170 644 271 670 tamen
296 641 394 671 minus
419 640 522 671 Livius
546 640 583 680 (I,
612 640 666 679 12)
696 640 855 682 Romulum
894 640 1007 670 inducit
1042 640 1142 671 Iovem
1182 641 1379 677 invocantem,
1406 642 1461 672 hoc
1489 643 1584 682 magis

168 707 267 727 errore
291 697 401 727 factum
426 707 489 728 esse
508 701 610 738 potest,
634 708 723 737 quam
747 698 825 737 quod
850 698 953 726 statuit
978 697 1095 727 Zander
1119 698 1141 735 (l
1167 709 1191 727 c.
1206 709 1231 738 p.
1247 699 1313 732 555:
1339 699 1385 728 ”ut
1409 700 1583 739 posteriores

170 754 289 793 quidam
326 754 565 795 antiquissimum
595 755 702 785 Ianum
727 755 860 784 dicerent
883 764 936 794 per
956 765 1083 784 errorem
1109 754 1226 784 facilem
1252 756 1361 785 factum
1387 756 1451 785 est”.
1502 756 1580 786 Nam

169 822 266 842 errore
290 811 407 842 facilius
431 811 492 842 fieri
521 815 624 853 potest,
652 816 685 841 ut
712 812 792 850 deus,
816 811 867 851 qui
892 814 987 841 aetate
1012 812 1163 852 scriptoris
1187 812 1342 842 cuiusdam
1364 813 1512 843 maximus
1536 813 1582 850 sit,

169 870 350 910 temporibus
385 869 583 910 superioribus
619 869 769 900 maximus
793 869 883 899 fuisse
906 869 995 899 etiam
1020 869 1164 908 credatur,
1188 880 1278 910 quam
1304 873 1336 900 ut
1359 870 1421 909 deo,
1446 871 1496 912 qui
1522 871 1581 901 iam

169 926 283 967 pridem
312 926 431 957 desierit
467 936 598 956 summus
628 926 740 965 haberi,
765 936 862 957 errore
888 926 935 956 hic
960 926 1053 956 honor
1076 927 1224 957 tribuatur
1250 945 1288 947 —
1314 938 1382 957 nam
1408 928 1436 958 id
1461 928 1581 968 quidem

168 984 260 1014 animi
286 984 473 1014 aberratione
494 983 619 1013 minime
643 983 706 1013 fieri
732 984 860 1024 potuisse
885 983 1008 1013 videtur.
1058 983 1131 1013 Iano
1155 994 1239 1013 suum
1265 984 1393 1014 tribuere
1417 985 1436 1014 ii
1461 984 1515 1015 soli
1533 996 1583 1026 po-

168 1045 298 1081 tuerunt,
322 1041 373 1081 qui
397 1042 435 1071 ab
458 1041 588 1081 antiquis
616 1040 739 1071 meliora
767 1044 796 1070 et
824 1051 894 1071 vera
923 1040 1102 1071 didicissent.
1150 1040 1254 1071 Livius
1277 1044 1375 1071 autem
1402 1041 1500 1072 Iovem
1522 1041 1582 1072 Ro-

168 1098 282 1128 mulum
317 1098 504 1129 invocantem
541 1097 628 1128 facile
663 1097 729 1127 ideo
763 1097 840 1135 fecit,
875 1098 955 1137 quod
991 1098 1068 1127 inter
1096 1098 1183 1127 deum
1205 1097 1369 1138 principem
1395 1108 1465 1128 suae
1489 1099 1581 1139 ipsius

167 1155 272 1185 aetatis
296 1158 325 1185 et
348 1155 468 1185 Romuli
493 1165 552 1185 non
576 1154 648 1185 satis
672 1154 849 1184 distinxerit.
898 1154 1013 1184 Fabula
1037 1154 1130 1194 igitur
1153 1154 1251 1192 Ovidi,
1277 1165 1335 1194 qua
1361 1154 1451 1185 Ianus
1471 1155 1581 1185 Roma-

169 1212 216 1243 nis
239 1216 342 1243 contra
366 1212 491 1243 Sabinos
511 1212 657 1242 auxilium
683 1211 760 1241 ferre
783 1212 919 1250 traditur,
943 1212 1061 1241 veritati
1086 1215 1115 1241 et
1139 1212 1180 1241 rei
1205 1212 1260 1252 ipsi
1285 1211 1391 1242 melius
1415 1212 1545 1242 inservit.

258 1271 365 1301 Ianum
398 1271 485 1301 deum
521 1281 639 1301 summa
674 1273 769 1300 aetate
805 1274 834 1300 et
869 1270 1015 1310 dignitate
1039 1270 1127 1301 fuisse
1151 1270 1240 1300 etiam
1265 1281 1298 1300 eo
1323 1270 1479 1310 indicatur,
1502 1271 1579 1312 quod

167 1338 247 1359 asses
270 1328 402 1368 imagine
426 1328 488 1358 eius
512 1328 716 1368 signabantur,
753 1332 785 1357 ut
821 1328 935 1357 nummi
963 1328 1081 1368 quidam
1114 1328 1295 1357 Graecorum
1322 1329 1394 1359 Διὸσ
1418 1328 1577 1366 imaginem

168 1386 317 1426 praebent.
367 1385 471 1426 Neque
495 1385 634 1425 dignitati
659 1396 791 1415 summae
815 1385 862 1415 dei
892 1390 1038 1426 repugnat
1060 1386 1138 1425 quod
1163 1386 1224 1426 ipse
1249 1396 1300 1415 rex
1325 1387 1363 1415 ab
1387 1386 1471 1415 initio
1495 1397 1577 1416 sat-ra

167 1443 229 1473 eius
253 1443 354 1473 obibat
377 1443 513 1481 (Deecke‚
541 1442 604 1472 Etr.
634 1442 752 1472 Forsch.
781 1442 836 1480 IV,
862 1442 903 1471 ⁶26
932 1461 970 1464 -
997 1442 1118 1481 Preller,
1143 1442 1226 1472 Rem.
1252 1442 1347 1483 Myth.
1363 1442 1372 1455 ³
1399 1443 1413 1472 Ι
1438 1454 1465 1484 ρ.
1495 1443 1578 1476 166),

166 1511 241 1541 quae
265 1504 366 1542 postea
389 1511 407 1531 a
432 1511 499 1540 rege
522 1510 672 1531 sacrorum
701 1503 771 1530 sunt
800 1499 887 1537 facta,
924 1499 974 1540 qui
1003 1503 1103 1529 tamen
1127 1500 1273 1540 dignitate
1297 1505 1408 1530 ceteros
1432 1500 1578 1541 praestitit

166 1558 339 1596 sacerdotes,
362 1561 395 1587 ut
417 1568 433 1587 e
457 1557 520 1587 loco
547 1557 673 1597 quodam
708 1556 788 1586 Gelli
825 1556 878 1596 (X,
907 1557 955 1593 15,
986 1557 1040 1594 21)
1063 1557 1278 1596 cognoscimus:
1307 1568 1399 1595 super
1415 1558 1575 1593 flaminem

167 1615 291 1644 Dialem
316 1615 347 1644 in
373 1615 514 1653 convivio,
539 1615 602 1643 nisi
626 1624 680 1643 reu:
704 1614 898 1650 sarrifi'eulus·
922 1614 996 1643 leam
1020 1614 1180 1651 quisquam
1207 1614 1290 1643 (dius
1308 1614 1462 1643 awumlrit.
1495 1614 1576 1643 Idem

166 1672 226 1703 fere
250 1672 354 1703 Festus
378 1674 417 1713 (p.
447 1672 519 1709 185)
544 1672 633 1702 etiam
659 1675 795 1702 testatur:
821 1670 909 1701 ’Ordo
933 1670 1116 1701 sacerdotum
1133 1670 1309 1701 aestimatur
1325 1671 1443 1701 deorum
1461 1671 1577 1706 ordine,

166 1732 199 1758 ut
223 1730 297 1758 fleus
322 1729 470 1759 maximus
493 1729 625 1769 quisque.
675 1729 837 1758 Mna-*imm
853 1729 974 1757 ridetur
991 1728 1066 1766 Res,
1087 1728 1155 1757 ‹lein
1180 1727 1284 1766 Dialis,
1309 1732 1372 1768 post
1397 1728 1476 1757 hunc
1497 1728 1577 1758 Mar-

156 1787 254 1826 tialis,
278 1790 383 1827 quarto
407 1786 470 1817 loeo
494 1785 666 1825 Quirinalis,
689 1786 793 1826 quinto
822 1786 954 1827 pontifex
978 1785 1134 1815 maximus.
1183 1785 1290 1824 Itaque
1315 1786 1345 1814 in
1367 1786 1513 1815 νοητὴ-’ἦε
1533 1796 1577 1815 so-

166 1845 215 1875 lus
240 1845 307 1874 Resr
343 1854 439 1881 supra
473 1845 572 1873 onmis
601 1844 733 1873 accubat.
765 1863 799 1866 —
817 1863 856 1866 —
874 1863 913 1865 —
930 1844 1005 1874 Res.
1027 1845 1100 1881 quia
1113 1843 1352 1880 potentissinms'
1377 1844 1431 1880 (cfr
1455 1835 1586 1877 Prellers

166 1902 250 1932 Ram.
275 1902 371 1943 Myth.
386 1901 396 1915 ³
422 1902 436 1931 Ι
462 1913 488 1943 p.
514 1902 557 1930 64-
581 1912 649 1931 ann.
673 1906 702 1931 et
727 1913 752 1942 p.
778 1902 854 1940 129)
879 1920 913 1923 ——
938 1901 1020 1937 Quae
1055 1901 1154 1931 omnia
1184 1901 1257 1931 mihi
1282 1901 1353 1931 satis
1378 1901 1508 1931 indicare
1533 1902 1575 1930 vi·

165 1960 272 1990 dentur
296 1960 403 1990 Ianum
428 1970 444 1990 a
470 1959 615 2000 principio
640 1959 726 1989 deum
751 1969 899 1989 summum
926 1958 1067 1989 Italorum
1089 1959 1185 1989 fnisse.

257 2018 328 2048 Alia
348 2029 417 2048 vero
443 2028 496 2055 res,
520 2028 596 2058 quae
620 2016 726 2047 Ianum
751 2016 989 2056 antiquissimum
1016 2016 1104 2046 fuisse
1129 2016 1215 2046 deum
1233 2016 1411 2057 comprobat,
1432 2015 1503 2045 haec
1520 2020 1574 2045 est:

166 2072 243 2105 fama
269 2079 404 2114 aetatem,
428 2086 485 2115 qua
510 2075 638 2105 durabat
666 2074 823 2115 imperium
853 2074 923 2108 eius,
959 2073 1159 2103 beatissimam
1193 2073 1330 2107 servavit,
1366 2082 1457 2112 eaque
1484 2082 1574 2102 aurea

165 2136 246 2162 aetas
270 2136 314 2163 est
337 2132 493 2174 appellata.
541 2132 626 2162 Tunc
654 2132 733 2161 enim
758 2131 893 2161 omnibus
918 2131 998 2171 pacis
1021 2134 1050 2160 et
1075 2131 1209 2161 fortunae
1235 2130 1383 2160 lwnetioiis
1403 2140 1496 2169 genus
1520 2129 1575 2159 hu-

254 2189 336 2212 Lunds
352 2190 427 2211 univ.
443 2182 572 2211 tirsskrift.
603 2189 669 2210 Tom.
687 2189 792 2211 xxvn.
1473 2188 1486 2210 5
