1773 2449
1568 91 1586 120 3

655 105 690 127 De
705 106 765 127 Iano
781 112 874 127 summo
889 105 1028 126 Romanum
1044 105 1096 127 deo.

173 186 217 213 est
240 182 349 212 mirum
373 181 451 222 apud
476 181 591 212 italicas
618 191 735 222 quoque
762 184 865 221 gentes
900 181 1027 211 alterum
1051 182 1137 211 deum
1164 184 1229 222 post
1252 180 1379 211 alterum
1402 191 1499 211 rerum
1524 192 1586 212 esse

175 240 312 282 potitum:
345 250 437 281 quare
471 239 554 279 Iano,
590 239 717 271 Saturno
729 239 764 280 *)‚
798 239 863 271 Iovi
900 239 1044 281 principis
1079 239 1127 270 dei
1152 238 1246 270 honor
1270 239 1400 271 vicissim
1424 242 1467 270 est
1491 239 1584 271 datus.

173 298 252 328 Nam
274 301 307 328 ut
330 298 432 328 variae
456 300 485 328 et
508 298 667 329 mutabiles
699 301 768 329 sunt
802 308 904 329 omnes
939 286 985 328 res
1022 297 1178 336 humanae,
1203 298 1244 327 ita
1265 298 1376 328 nullius
1400 298 1460 328 fere
1485 298 1583 339 populi

173 355 278 396 religio
302 355 334 385 in
358 358 533 403 perpetuum
557 355 714 386 immutata
737 355 889 386 remansit.
917 373 957 376 —
987 354 1062 385 Suos
1087 365 1221 395 quaeque
1248 355 1352 395 religio
1380 355 1584 386 reformatores

172 414 286 453 habuit,
318 417 402 446 notos
438 414 485 445 vel
521 414 645 455 ignotos.
692 413 933 445 potentissimum
970 413 1048 444 enim
1086 413 1172 444 deum
1208 414 1385 445 constituere
1410 417 1584 455 praepotens

173 482 246 512 gens
270 471 317 502 vel
341 472 524 503 sacerdotum
548 472 619 503 ordo
643 471 734 502 semel
757 474 787 501 et
810 471 918 501 iterum
943 471 1006 502 sine
1030 471 1119 502 dubio
1143 472 1302 511 contendit,
1327 472 1491 512 praesertim
1517 483 1582 502 cum

172 530 310 572 deinceps
334 531 530 572 potentissimi
555 530 602 561 dei
627 529 811 571 praevaleret
834 519 1038 560 sacerdotium.
1087 530 1182 570 Atqui
1200 528 1268 561 deos
1286 530 1373 571 plane.
1389 540 1482 561 novos
1498 541 1583 561 uum—

171 599 260 629 quam
280 588 471 619 instituerunt
495 589 702 619 reformatores
737 587 781 618 illi
810 588 1022 618 remotissimae
1046 588 1242 628 antiquitatis,
1267 588 1353 618 alteri
1378 588 1432 619 deo
1456 588 1582 619 altorum

171 646 290 676 nomine
327 646 388 677 solo
416 649 530 676 mutato
553 646 771 676 substituentes.
818 645 897 676 Nam
925 646 1046 676 nomina
1070 645 1123 676 illa
1147 645 1267 676 deorum
1292 646 1458 687 principum
1483 646 1584 677 omnia

171 704 230 734 fere
254 703 332 734 idem
356 703 497 744 (caelum)
534 702 702 743 significare
739 703 887 733 videntur:
924 713 1012 744 quam
1049 704 1086 734 ob
1122 713 1183 733 rem
1209 706 1294 743 recte,
1318 703 1412 742 credo,
1437 703 1583 734 Schrader

170 761 393 804 (Sprachvergl-
417 772 443 792 u.
469 761 543 802 Urg.
568 772 594 803 p.
620 761 687 792 432
712 768 769 803 sq.)
793 761 829 792 de
853 761 909 792 hac
930 772 960 792 re
984 761 1053 802 egit,
1074 761 1185 792 dicens:
1214 761 1398 802 ”Unzahligc
1419 761 1581 792 Beiworter

171 831 240 860 mag
264 820 356 851 sehon
384 820 431 850 die
459 820 622 850 staunende
658 820 889 860 Bewunderung
925 820 976 850 der
1008 820 1118 859 Urzeit,
1143 820 1292 850 'ezielleicht
1318 821 1525 850 verschiedene
1548 822 1581 850 in

170 878 400 908 versckiedeneu
438 878 541 907 Teilen
576 879 631 907 der
673 878 837 917 Urheimat,
872 878 938 908 dem
975 878 1166 908 strahlenden
1195 877 1409 917 Himmelsgott
1433 878 1581 917 beigelegt

169 935 289 965 haben”.

254 992 439 1033 Quamquam
466 993 591 1032 vestigia
619 993 760 1033 pleraque
789 993 896 1023 veteris
924 993 1077 1032 religionis
1098 993 1242 1023 naturalis
1266 993 1469 1023 Romanorum
1495 993 1581 1023 valde

167 1051 323 1081 obscurata
355 1055 384 1081 et
419 1061 643 1092 nonnumquam
677 1051 764 1092 plane
800 1051 948 1082 exstincta
982 1051 1128 1090 videntur,
1154 1062 1220 1081 cum
1251 1051 1423 1092 praesertim
1451 1050 1579 1082 Romani

168 1109 408 1150 contemplationi
446 1109 593 1139 subtiliori
630 1120 728 1139 rerum
766 1105 935 1140 divinarum
960 1121 990 1140 se
1015 1113 1090 1140 totos
1115 1120 1277 1150 numquam
1302 1109 1454 1147 dederunt,
1478 1109 1580 1150 aliqua

167 1169 265 1195 tamen
290 1176 327 1196 ex
352 1166 423 1206 ipsis
449 1166 543 1196 ruinis
572 1166 703 1207 depromi
740 1177 823 1207 posse
859 1177 1019 1207 speramus.
1068 1167 1114 1196 Ac
1138 1177 1204 1196 cum
1229 1167 1384 1197 universas
1408 1167 1579 1206 antiquissi-

167 1234 280 1254 marum
316 1223 450 1263 gentium
478 1223 636 1263 religiones
660 1223 691 1253 in
716 1223 904 1254 veneratione
928 1227 957 1254 et
981 1223 1062 1254 cultu
1086 1228 1210 1254 naturae
1235 1234 1372 1254 rerumve
1396 1223 1578 1254 naturalium

166 1281 274 1322 positas
299 1281 388 1311 fuisse
412 1281 622 1322 comparativa,
650 1291 739 1321 quam
768 1284 882 1320 vocant,
907 1281 1091 1321 mythologia
1110 1282 1182 1311 satis
1210 1282 1320 1319 doceat,
1345 1281 1431 1311 aliter
1455 1282 1490 1311 de
1515 1282 1577 1312 deis

166 1338 368 1369 Romanorum
394 1348 452 1369 non
477 1349 539 1369 esse
564 1338 751 1369 statuendum
776 1348 828 1379 pro
853 1342 932 1368 certo
952 1338 1102 1369 habemus.
1150 1339 1247 1375 Quare
1267 1339 1459 1369 consideratis
1483 1339 1577 1368 nomi-

165 1396 260 1435 nibus,
284 1396 517 1436 cognominibus,
541 1396 692 1427 attributis
719 1407 777 1427 non
808 1396 905 1427 minus
928 1407 1016 1437 quam
1042 1397 1159 1435 fabulis,
1183 1407 1238 1427 usu
1261 1407 1419 1435 sacrorum,
1436 1397 1576 1427 caerimo-

165 1453 231 1492 niis,
248 1453 392 1484 institutis
416 1453 507 1483 sacris
527 1453 656 1494 primam
681 1453 741 1483 vim
766 1463 800 1483 ac
820 1457 958 1484 naturam
978 1454 1099 1484 deorum
1116 1454 1316 1484 Romanorum
1333 1473 1372 1475 —
1387 1454 1576 1493 maximeque

165 1511 232 1542 Iani
256 1511 413 1542 diiudicari
437 1522 519 1552 posse
544 1511 732 1542 arbitramur.

235 1645 263 1678 ἦ)
285 1645 337 1669 Cfr.
358 1645 473 1670 Macrob.
494 1646 597 1670 Saturn.
618 1646 638 1675 1,
658 1646 683 1674 7,
704 1646 748 1669 14:
779 1645 813 1669 In
836 1646 880 1669 ho(-
903 1645 1013 1670 Saturni
1023 1647 1301 1676 (ultraquamdeosum
1318 1647 1469 1677 principem
1488 1647 1574 1671 dicitis

164 1689 209 1713 cfr.
230 1689 247 1721 ξ
267 1689 300 1713 13
320 1691 346 1713 et
366 1689 398 1713 21
420 1689 456 1713 ib.
