1773 2449
210 59 253 94 48‘
805 77 827 99 s.
850 76 934 99 Linde.

211 157 304 185 retur:
340 154 528 193 Κουριάτιοι
560 154 627 193 γὰρ
650 165 703 185 και
725 154 863 192 Ὁράτιοι
893 154 1039 192 ὀνόμιίτα
1064 152 1269 191 εὐπατριὸῶν
1290 153 1359 184 εἰσι.
1409 151 1508 193 Magis
1539 152 1629 184 etiam

211 212 288 243 mira
315 216 358 242 est
387 210 591 252 interpretatio
615 209 753 240 Creuzeri
778 209 893 250 (Symb.
920 209 951 239 ΙΙ
975 220 1002 251 p.
1028 209 1116 248 885),
1139 209 1189 250 qui
1215 208 1381 240 Curiatium
1407 213 1436 240 et
1459 214 1626 241 curatorem

213 270 325 301 mundi‘
348 269 425 299 idem
450 268 620 308 significare
646 271 737 309 putat.
786 267 917 298 Patr-iou·
944 277 1061 308 quoque
1077 266 1252 307 cognomine
1284 266 1390 298 Ianum
1420 267 1497 298 idem
1527 268 1627 299 Labeo

211 325 442 367 cognominavit,
484 325 562 366 quod
602 329 702 355 tamen
739 335 808 363 non,
844 328 876 355 ut
908 334 945 355 ex
982 324 1225 366 interpretatione
1260 323 1318 354 iam
1355 324 1446 355 allata
1483 325 1625 366 suspicari

212 385 313 426 possis,
341 383 378 414 ad
414 383 606 424 patriciorum
643 383 729 413 deum
760 383 857 422 refert,
882 386 915 412 ut
939 382 1023 423 quasi
1049 382 1239 423 patriciorum
1264 392 1371 423 parens
1395 381 1442 412 vel
1460 382 1565 422 genius
1589 382 1627 413 sit

213 442 311 479 Ianus,
347 441 396 471 sed
433 440 576 479 indigena
605 441 817 479 (αὐτόχῦονα)
854 440 1071 480 interpretatur.
1120 439 1231 469 Omnes
1260 450 1329 469 vero
1354 440 1427 470 istae
1452 440 1627 481 interpreta-

212 499 314 534 tiones,
333 497 413 528 utin
437 497 608 528 coniectura
632 497 752 538 positae,
777 507 836 527 non
862 496 962 536 magn-i
986 499 1056 526 sunt
1080 496 1230 527 momenti.

297 556 362 586 Duo
387 558 538 597 praeterea
558 554 737 595 cognomina
758 554 823 585 Iani
845 555 883 585 ab
899 553 1007 584 ovidio
1023 553 1117 593 (Fast.
1134 553 1158 593 Ι,
1179 554 1241 584 129
1259 555 1334 595 sqq.)
1346 557 1626 585 commemorantur:

554 657 593 660 —
622 657 662 661 —
691 657 731 660 —
757 639 842 668 modo
865 647 996 676 namque
1021 636 1180 667 Patulcius
1200 638 1281 667 idem

550 695 592 726 Et
617 697 702 725 modo
727 696 866 732 sacrifico
890 695 1015 725 Clusius
1039 705 1091 741 ore
1114 705 1208 725 vocor.

295 776 350 807 Sed
377 787 413 807 ne
430 776 466 807 ad
484 776 558 807 haee
574 776 693 818 quidem
706 776 885 817 cognomina
896 775 1090 816 intelligenda
1105 775 1257 817 probabile
1280 776 1442 817 quidquam
1462 776 1626 807 attulerunt

210 836 383 876 interpretes
407 834 531 875 antiqui.
580 834 658 865 Nam
683 834 761 875 quod
786 834 858 864 dicit
883 834 1051 865 Macrobius
1075 833 1149 873 (Sat.
1174 833 1198 873 Ι,
1223 834 1253 871 9,
1282 834 1333 871 16)
1357 834 1463 865 Ianum
1481 834 1624 876 appellari

209 892 372 923 Patultium
398 896 427 922 et
451 892 626 932 Clusivium,
658 892 728 932 quia
757 892 834 922 bello
858 892 961 922 caulae
988 892 1053 922 eius
1069 895 1180 933 patent⁷
1205 902 1277 932 pace
1301 892 1490 932 clauduntur,
1514 892 1625 922 nemini

210 950 325 991 probari
348 954 451 991 potest,
475 961 657 991 quamquam
683 950 804 981 Servius
828 961 944 991 quoque
968 950 1045 980 idem
1071 950 1131 980 fere
1156 953 1258 980 narrat
1282 950 1319 980 ad
1345 949 1435 990 Verg.
1461 950 1536 980 Aen.
1554 950 1624 987 VII,

211 1008 287 1038 610:
308 1007 378 1038 Alii
401 1008 571 1038 Clusirium
598 1009 713 1045 dicunt,
737 1008 795 1038 alii
813 1008 1074 1047 Rutulcium‚quod
1085 1008 1291 1046 potandarum
1310 1008 1418 1038 habeat
1438 1004 1640 1048 potestatem.'

293 1066 344 1097 Ab
368 1066 473 1097 horum
498 1066 645 1097 sententia
669 1077 728 1098 non
754 1066 826 1097 adeo
851 1066 949 1097 differt
974 1066 1129 1105 Labeonis,
1153 1066 1204 1107 qui
1228 1066 1347 1107 quidem
1373 1066 1451 1108 apud
1477 1066 1517 1097 Io.
1565 1066 1625 1107 Ly-

208 1123 276 1153 dum
314 1124 418 1162 (mens.
447 1124 502 1164 IV,
531 1124 559 1161 1)
579 1124 791 1165 interpretatur
816 1127 1009 1166 Κλουσίβιον
1033 1127 1104 1157 ἀντὶ
1128 1132 1187 1156 τοῦ
1211 1126 1344 1163 ὁὸιαῑον,
1370 1127 1399 1154 et
1424 1127 1626 1157 Πατοὺλκιον

207 1181 259 1210 καὶ
282 1181 446 1211 Κλούσιον
470 1185 568 1215 οἱονεὶ
592 1183 722 1223 θυρεόν.
740 1200 780 1204 -

292 1240 389 1271 Multo
414 1240 520 1271 melius
544 1240 617 1271 haee
641 1240 794 1271 declarant
818 1240 1004 1279 cognomina,
1029 1240 1137 1271 finibus
1161 1240 1233 1271 adeo
1258 1240 1393 1281 angustis
1417 1251 1476 1271 non
1501 1240 1625 1270 eircum-

207 1298 326 1339 scripta,
350 1297 382 1327 hi
407 1297 496 1327 Ovidi
521 1307 624 1328 versus
648 1297 740 1338 (Fast.
765 1297 789 1336 Ι,
818 1298 878 1328 117
905 1300 988 1338 sqq.):

424 1367 575 1406 Quicquid
600 1368 708 1406 ubique
732 1369 825 1407 rides,
845 1369 971 1407 caelum,
996 1379 1091 1406 mare,
1112 1369 1229 1408 nubila,
1253 1372 1362 1407 terras,

422 1423 535 1453 Omnia
560 1427 632 1453 sunt
655 1427 761 1454 nostra
786 1425 893 1454 clausa
915 1428 1078 1464 patentque
1098 1436 1201 1455 manu.

297 1502 338 1533 Iis
367 1513 445 1542 vero,
475 1502 527 1543 qui
560 1501 667 1533 Ianum
697 1502 767 1533 solis
792 1502 879 1533 deum
904 1513 966 1533 esse
989 1502 1207 1542 existimarunt,
1231 1503 1409 1543 cognomina
1433 1504 1485 1535 illa
1509 1505 1622 1536 nullam

206 1560 420 1602 interpretandi
445 1560 652 1591 difficultatem
674 1560 825 1602 praebent.
851 1551 854 1554 Ι
874 1560 966 1590 Ianus
990 1560 1069 1590 enim
1095 1560 1247 1601 utriusque
1272 1562 1379 1592 ianuae
1398 1562 1531 1593 caelestis
1548 1563 1623 1593 iani-

205 1623 251 1650 tor
286 1618 382 1657 (Ovid.
411 1618 490 1650 Fast.
516 1618 539 1659 I,
560 1618 637 1660 1a5)
662 1618 703 1658 fit,
728 1618 791 1660 ”qui
817 1618 955 1649 exoriens
979 1618 1095 1660 aperiat
1118 1618 1205 1658 diem,
1229 1619 1364 1651 occidens
1388 1620 1521 1652 claudat”
1544 1621 1622 1662 (Ma-

205 1678 281 1707 orob.
307 1676 367 1707 Sat.
390 1676 414 1717 I,
440 1677 469 1717 9,
490 1677 525 1717 93
550 1676 628 1707 Ovid
654 1677 733 1707 Fast.
759 1677 782 1716 I,
811 1677 894 1716 139).

292 1734 349 1765 Sed
386 1735 471 1765 nobis
495 1735 665 1776 persuaderi
692 1745 750 1766 non
776 1734 870 1776 potuit
895 1734 1002 1765 Ianum
1027 1745 1090 1766 esse
1116 1735 1203 1766 deum
1225 1735 1303 1775 solis,
1327 1746 1402 1777 quae
1428 1736 1529 1778 opinio
1552 1737 1622 1769 solis

206 1792 363 1821 stoicorum
400 1792 517 1832 placitis
552 1793 682 1822 debetur.
730 1793 887 1822 Praeterea
924 1803 960 1822 ne
985 1793 1076 1823 solem
1108 1793 1228 1833 quidem
1253 1794 1309 1823 sibi
1334 1794 1388 1834 ipsi
1407 1794 1527 1825 ianuam
1557 1806 1621 1825 eae-

206 1848 310 1878 lestem
332 1848 516 1890 aperientem
540 1852 569 1878 et
593 1849 777 1880 claudentem
802 1850 903 1880 animo
926 1850 982 1879 sibi
1008 1850 1137 1890 finxisse,
1162 1850 1308 1891 antiquos⁷
1332 1851 1427 1890 credo,
1450 1853 1620 1892 praesertim

205 1917 272 1937 cum
298 1906 354 1937 hoe
379 1918 487 1938 munus
511 1907 636 1938 inferius
660 1907 719 1938 iam
744 1907 892 1938 Homerus
913 1908 1003 1939 Horis
1023 1908 1191 1939 attribuerit
1212 1909 1259 1948 (Π.
1281 1909 1318 1940 V.
1341 1909 1427 1949 749>z

397 1978 587 2015 αὐτόματοσ
611 1978 650 2010 ὁὲ
673 1980 771 2025 πύλαι
793 1980 895 2016 μύκον
921 1979 1069 2017 οὐρανοῦ,
1096 1981 1138 2010 ᾶσ
1160 1980 1239 2019 ἔχον
1263 1977 1358 2020 Ὧραι.

296 2045 410 2090 Verum
437 2059 570 2091 Roscher
585 2061 734 2100 (Hermes,
759 2061 811 2091 der
830 2061 997 2102 Windgott.
1015 2074 1041 2104 p.
1071 2063 1148 2105 190)
1173 2063 1286 2104 primus
1311 2064 1420 2094 vidisse
1444 2064 1518 2095 mihi
1539 2064 1620 2094 vide-

205 2120 261 2155 tur,
286 2118 464 2156 cognomina
488 2118 541 2149 illa
565 2118 694 2149 Patulcii
707 2122 736 2149 et
749 2118 875 2162 Clusivii
901 2120 938 2150 ad
962 2120 1077 2151 eaelum
1102 2121 1240 2152 referens.
1264 2121 1343 2152 Nam
1360 2122 1384 2152 si
1401 2122 1620 2153 consideremus
