1773 2449
634 132 669 154 De
685 132 745 154 Iuno
760 132 855 153 summo
871 131 1039 153 Romanorum
1053 133 1103 154 deo.
1538 118 1582 150 49

165 206 315 238 Romanos
350 207 465 238 caelum
501 207 630 237 nubibus
664 216 792 241 vacuum
822 209 977 244 patentem
1014 206 1061 236 vel
1089 210 1230 244 apertum
1243 207 1275 245 *)
1303 208 1453 249 appellate
1478 209 1580 241 solitos

164 275 236 304 esse,
260 265 390 296 nubibus
414 274 484 295 vero
511 264 672 295 obductum
707 264 857 303 clausum,
892 263 1061 294 Patulcium
1090 274 1152 295 esse
1176 263 1290 308 caelum
1315 265 1424 296 nebula
1447 266 1579 308 depulsa,

165 322 331 353 Clusivium
357 333 427 352 vero
454 322 491 352 de
518 321 600 352 caelo
627 321 756 352 nubibus
780 332 811 352 se
835 321 998 352 obducente
1021 321 1079 352 dici
1102 321 1188 352 facile
1211 326 1256 352 est
1280 322 1448 353 verisimile.
1495 323 1579 360 Quod

164 379 284 420 quidem
309 378 405 418 magis
428 378 517 409 etiam
544 378 605 409 veri
630 378 727 409 simile
751 378 793 418 fit,
817 378 840 409 si
866 378 1088 409 meminerimus
1108 378 1211 408 Iovem
1238 389 1363 419 quoque,
1390 379 1476 409 deum
1497 380 1578 419 caeli,

120 443 123 446 ’
167 436 340 467 Patulcium
364 440 393 466 et
417 436 571 473 Iunonem,
598 436 684 466 deam
708 435 791 475 caeli,
817 435 989 466 Patulcium
1014 436 1113 466 vocari
1138 436 1209 476 (vid.
1229 435 1388 467 Forcellini
1409 436 1465 467 lex.
1486 448 1508 467 s.
1530 438 1582 475 v.).

256 494 302 523 Ac
326 492 407 523 caelo
432 493 487 533 ipsi
511 503 600 533 quam
626 492 758 523 maxime
794 493 975 523 conveniunt
995 493 1173 532 cognomina
1196 492 1354 533 appellata,
1379 493 1488 534 quippe
1512 504 1578 524 cum

166 550 253 592 prisci
279 550 322 580 illi
347 550 481 581 homines
501 549 616 580 caelum
636 553 771 591 apertum
796 549 844 580 vel
868 559 1005 580 serenum
1029 549 1116 580 deum
1141 548 1266 580 hilarem
1292 549 1339 580 vel
1364 549 1475 589 mitem,
1499 550 1581 581 clau-

164 619 229 640 sum
255 619 325 639 vero
349 608 458 638 iratum
481 608 568 638 deum
591 608 723 638 iudicare
747 607 826 638 haud
851 607 939 638 dubie
963 608 1105 649 putarint.
1154 607 1276 638 Caelum
1303 618 1370 638 vero
1394 608 1527 639 clausum
1551 612 1580 639 et

164 670 261 696 atrum
295 666 371 697 diem
408 667 446 697 ab
482 666 566 696 initio
602 666 680 696 idem
707 665 890 706 significasse
917 666 1003 696 credo
1027 670 1056 696 et
1079 666 1166 696 deum
1187 665 1295 696 iratum
1316 666 1485 706 ostendisse,
1509 677 1580 697 nam

164 727 228 753 atro
263 723 310 754 die
345 723 453 754 Ianum
489 723 649 763 Iovemque
673 723 821 753 nominari
846 734 906 754 non
929 723 1067 764 oportuit,
1092 727 1125 753 ut
1148 723 1226 764 apud
1251 722 1435 754 Macrobium
1457 723 1530 763 (Sat.
1556 723 1579 762 Ι,

169 781 217 818 16,
254 781 311 821 25)
343 780 481 819 legimus:
519 780 589 809 ”Sed
626 784 655 809 et
679 780 789 810 Fabius
814 780 965 810 Maximus
989 780 1173 810 Servilianus
1198 780 1332 820 pontifex
1358 781 1389 810 in
1414 780 1489 811 libro
1513 780 1579 810 XII

165 842 253 877 negat
289 842 421 879 opertere
449 841 513 868 atro
541 837 588 867 die
613 841 782 878 parentare3
805 837 876 878 quia
901 841 971 867 tunc
994 848 1110 878 quoque
1134 837 1242 867 Ianum
1267 837 1426 879 Iovemque.
1451 838 1578 879 praefari

165 905 282 925 necesse
305 898 357 933 est⁷
381 905 454 934 quos
480 894 627 924 nominari
652 898 716 925 atro
740 894 787 924 die
812 905 871 925 non
891 894 1029 935 oportet.”

250 951 305 982 Sed
330 952 366 982 de
391 952 452 993 ipsa
478 962 595 992 quoque
619 952 648 981 vi
674 955 703 982 et
727 952 943 992 significatione
964 952 1067 983 horum
1085 953 1295 992 cognominum
1312 952 1386 983 falso
1402 956 1578 992 statuerunt,

163 1010 216 1050 qui
253 1010 380 1040 activam
418 1013 634 1050 proposuerunt
669 1010 739 1047 vim,
772 1015 804 1040 ut
841 1009 993 1040 Patulcius
1018 1011 1152 1040 reclusm·
1176 1014 1205 1040 et
1228 1010 1347 1041 Clusius
1370 1015 1445 1041 esset
1468 1011 1577 1041 clusor.

164 1067 246 1098 Sicut
271 1067 402 1098 Roscher
429 1067 575 1105 (Hermes,
610 1067 662 1097 der
693 1067 816 1107 Windg.
844 1078 871 1108 p.
901 1067 976 1107 1‘20)
1012 1067 1178 1097 Patulcium
1215 1071 1245 1098 et
1276 1067 1409 1098 Clusium
1435 1067 1482 1098 vel
1506 1066 1577 1098 Clu-

164 1125 272 1156 sivium
297 1125 417 1156 vocibus
445 1125 623 1165 germanicis
658 1125 781 1162 Oeffner
816 1129 844 1155 et
876 1125 1043 1155 Schliesser
1078 1125 1125 1156 vel
1162 1124 1334 1155 Thiirhiiter
1358 1125 1576 1166 interpretatur.

164 1182 220 1212 Cui
244 1182 447 1223 explanationi
472 1192 531 1212 non
557 1186 703 1222 repugnat
728 1182 933 1222 interpretatio
957 1182 1040 1212 Servi
1065 1183 1114 1217 (ad
1139 1182 1230 1222 Verg.
1256 1183 1331 1212 Aen.
1357 1182 1515 1221 V11,610:
1535 1201 1574 1204 —

166 1258 205 1261 —
232 1239 323 1280 ”quod
348 1239 541 1280 patendarum
567 1243 717 1280 portarum
739 1238 847 1269 habeat
868 1239 1058 1280 potestatem’⁷
1080 1249 1183 1280 neque,
1200 1243 1231 1269 ut
1245 1239 1370 1277 videtur,
1382 1238 1471 1269 Ovidi
1484 1238 1576 1278 (Fast.

165 1296 188 1335 I⁷
217 1297 303 1335 13⁶2):

494 1367 615 1397 Scilicet
640 1367 757 1397 alte-rm
783 1367 876 1397 voluit
901 1367 991 1397 rudis
1015 1367 1071 1396 illa
1098 1369 1235 1397 vetustas

493 1424 623 1454 Nomine
647 1425 788 1453 (Iit-ersus
812 1424 987 1461 siqmficare
1013 1425 1097 1454 vices.

256 1506 424 1537 Macrobius
449 1516 518 1537 vero
543 1506 690 1548 passivam
727 1506 786 1536 vim
826 1506 872 1537 his
899 1506 1124 1546 cognominibus
1152 1505 1281 1536 tribuere
1305 1504 1408 1546 potuit,
1432 1504 1575 1535 scribens:

166 1565 348 1601 (invocamus
372 1564 489 1601 Ianum)
514 1564 677 1594 Patultium
702 1568 732 1594 et
755 1564 931 1603 Clusivium,
964 1564 1035 1604 quia
1059 1564 1136 1594 bello
1159 1563 1262 1593 caulae
1282 1563 1345 1593 eius
1368 1566 1481 1603 patent,
1504 1571 1575 1602 pace

163 1622 349 1654 clauduntur.
396 1617 517 1652 Clusius
542 1631 612 1652 vero
648 1621 694 1652 vel
727 1621 880 1652 Clusivius
916 1621 992 1651 nihil
1024 1620 1105 1651 aliud
1140 1631 1230 1661 quam
1250 1620 1384 1651 clausum
1408 1619 1576 1659 significare

164 1685 266 1723 potest,
291 1691 360 1710 nam
385 1690 453 1710 cum
478 1680 573 1710 forma
597 1679 775 1720 participiali
789 1679 906 1710 clausus
924 1679 971 1709 vel
995 1679 1093 1710 clusus
1117 1679 1251 1720 proxime
1275 1682 1318 1709 est
1342 1676 1575 1708 connectendum

163 1738 309 1769 Clus-iu-s
333 1737 380 1768 vel
406 1737 606 1768 Olus-iv-iu-s.
655 1736 798 1767 Claudius
823 1740 926 1767 contra
950 1736 998 1767 vel
1014 1736 1136 1767 Clodius
1161 1736 1258 1777 potius
1281 1735 1466 1765 claudentem
1482 1733 1575 1774 signi-

164 1797 239 1827 ficat.
287 1796 336 1826 Ad
361 1795 609 1835 significationem
633 1805 703 1825 vero
727 1794 876 1836 propriam
913 1794 958 1825 vel
992 1794 1142 1835 passivam
1168 1793 1279 1824 formae
1302 1792 1375 1823 clusi
1400 1791 1573 1822 mutandam

164 1863 258 1893 neque
282 1852 423 1883 suffixum
447 1853 495 1881 ino
522 1839 617 1892 neque
650 1853 679 1881 io
714 1862 809 1892 neque
844 1851 917 1881 haec
953 1851 1102 1881 cumulata
1139 1850 1232 1886 (iv-io)
1269 1849 1381 1889 aliquid
1409 1848 1518 1886 valent,
1543 1852 1575 1877 ut

236 2000 262 2031 *)
284 1999 340 2023 Liv.
361 1998 446 2027 XXII,
467 1999 494 2022 6:
517 1998 584 2022 diem
613 1999 698 2029 aperit
720 1998 835 2029 dispulsa
858 1997 962 2022 nebula.
1001 1997 1053 2020 Cic.
1073 1996 1104 2020 de
1124 1995 1204 2019 divin.
1225 1995 1245 2023 Ι,
1267 1995 1294 2018 1;
1310 1996 1406 2024 patens
1426 1992 1523 2016 caelum
1543 1999 1574 2015 ex

163 2044 231 2069 omni
250 2046 326 2077 parte
346 2045 424 2075 atque
445 2044 561 2074 apertum
582 2041 687 2067 intueri.
727 2041 803 2073 Verg.
824 2040 887 2065 Aen.
909 2040 928 2074 Ι1
949 2040 1013 2064 587:
1037 2038 1130 2063 scindit
1151 2046 1177 2062 se
1196 2038 1277 2062 nubes
1296 2040 1321 2061 et
1342 2036 1368 2060 in
1387 2035 1494 2060 aethera
1513 2043 1574 2067 pur-

164 2091 208 2120 gat
229 2090 346 2119 apertum
367 2086 419 2120 (cfr
439 2086 552 2111 Roscher
571 2086 588 2112 l.
609 2095 630 2110 c.
649 2095 675 2119 p.
697 2086 744 2110 121
768 2094 825 2109 ann.
846 2084 919 2117 469).
957 2084 1029 2108 Hanc
1054 2082 1160 2107 eandem
1180 2090 1233 2106 rem
1253 2081 1330 2114 plane
1349 2080 1465 2105 declarat
1485 2087 1574 2103 versus

163 2130 208 2155 ille
227 2130 382 2155 homericus:
403 2133 464 2164 (τῇς
482 2128 689 2163 ἐπιτέτραπται)
716 2142 748 2146 —
768 2142 796 2146 —
826 2126 897 2162 ἠμὲν
925 2125 1073 2152 ἀνακλῖναι
1101 2124 1219 2150 πυκινὸν
1247 2124 1338 2158 νέφος
1366 2122 1410 2158 ἠδ
1430 2120 1573 2152 ἐπιθεῖναι,

164 2173 208 2198 ubi
228 2174 308 2197 nubes
328 2174 401 2206 quasi
422 2173 538 2197 velamen
559 2173 657 2197 caelum
678 2172 800 2196 claudens
819 2174 844 2195 et
866 2171 984 2203 aperiens
1003 2170 1119 2201 fingitur.

250 2223 333 2244 Lunds
349 2222 421 2244 univ.
439 2215 569 2243 Arsskrifl.
596 2221 778 2243 Tom.XXVI1.
1473 2215 1485 2235 7
