1773 2449
611 125 646 147 De
662 125 723 147 Iuno
739 131 835 147 summo
850 124 1017 147 nomnomm
1036 126 1087 147 deo.
1521 109 1560 141 2¹

152 201 339 243 progreditur
374 212 468 242 genus
497 201 660 241 hominum,
683 212 718 232 eo
742 200 847 232 melius
871 201 985 242 primae
1009 211 1079 231 suae
1103 201 1208 231 aetatis
1232 205 1363 242 tempora
1387 211 1563 242 cognoscere

152 259 275 290 videtur.
323 259 402 290 Nam
427 259 653 291 remotissimam
677 270 761 291 suam
786 259 947 291 novissima
963 270 1096 300 quaeque
1114 264 1195 290 aetas
1218 259 1348 290 denudat
1365 259 1562 291 vetustatem”.

152 317 238 349 Certe
262 318 342 349 enim
367 317 569 348 recentissima
593 328 726 358 quaeque
750 320 820 348 sunt
845 320 976 348 correcta
999 321 1028 348 et
1048 317 1204 348 emendata
1221 317 1358 356 maxime,
1375 322 1407 347 ut
1423 322 1466 348 est
1483 318 1561 358 apud

152 375 324 407 Ciceronem
349 375 453 412 (Acad.
477 379 550 416 post.
575 374 590 405 I
614 386 637 406 e.
663 375 704 415 4).

242 432 427 464 Testimonia
450 433 542 473 igitur
566 433 618 464 illa
642 433 750 474 quibus
774 433 865 464 lanus
891 434 1002 475 primus
1027 433 1073 464 vel
1099 438 1229 475 tempore
1247 433 1293 464 vel
1311 433 1457 473 dignitate
1475 433 1563 463 fuisso

151 491 326 530 affirmatur,
349 501 409 522 non
433 502 498 522 sera
522 494 689 522 commenta
713 491 851 522 habenda
874 495 951 531 sunt,
976 491 1091 522 etiamsi
1116 491 1193 533 apud
1211 491 1367 533 scriptores
1389 490 1564 521 reoentiores

151 549 299 588 leguntur⁷
335 549 506 589 praesertim
544 559 610 579 eum
646 549 677 579 hi
707 549 738 579 in
767 549 947 590 temporibus
975 550 1175 590 superioribus
1202 549 1414 588 cognoscendis
1438 548 1563 578 multum

152 606 260 637 versati
285 616 347 636 esse
372 606 493 647 possint.
542 607 589 637 Ac
613 617 680 637 eum
704 617 723 637 a
747 607 892 646 Varrone,
916 607 980 637 viro
1003 607 1100 637 omnis
1123 606 1311 647 antiquitatis
1337 606 1515 647 peritissimo
1528 606 1564 641 *),

152 664 243 694 Ianus
267 664 404 705 princeps
430 668 549 695 vocetur
574 664 644 695 deus
669 664 698 702 (l.
724 664 741 695 l.
767 664 821 705 VI,
848 665 909 702 34),
930 665 1040 706 primus
1059 669 1138 695 certe
1163 670 1292 706 tempore
1318 664 1364 695 vel
1388 664 1491 695 ordine
1517 663 1564 694 hie

151 721 268 762 dicitur,
295 732 475 763 quamquam
504 722 679 753 attributum
716 722 790 753 illud
826 722 916 753 etiam
946 723 983 753 ad
1008 723 1185 763 dignitatem
1210 726 1341 764 spectare
1366 725 1469 763 potest,
1495 732 1564 751 nam

152 780 206 811 hoe
229 791 345 821 quoque
369 791 456 811 sensu
476 781 623 820 princeps
648 780 728 812 haud
753 791 820 812 raro
840 784 999 822 usurpatur
1023 781 1053 811 in
1078 792 1212 812 sermone
1236 781 1338 811 latino.

241 837 348 868 Ianum
374 838 538 880 prinoipem
563 839 650 869 deum
675 843 704 869 et
729 841 825 869 aetate
850 838 896 869 vel
920 839 1023 869 ordine
1043 843 1072 869 et
1091 839 1238 880 dignitate
1255 838 1344 869 fuisse
1360 838 1562 869 existimatum

150 896 372 927 enumeratione
395 907 511 937 quoque
533 896 686 936 Varronis,
710 907 769 937 qua
793 900 866 928 teste
891 897 1060 937 Augustino
1074 897 1119 935 **)
1144 898 1181 933 (o.
1208 897 1234 927 d.
1260 896 1330 933 VII,
1357 897 1386 932 2)
1412 896 1503 926 Ianus
1519 886 1567 926 inss

151 959 195 983 ter
219 953 288 984 deos
311 953 434 985 selectos
467 954 579 995 primus
616 954 742 996 ponitur,
778 955 994 995 comprobatur.
1046 955 1119 985 lano
1148 965 1217 985 voro
1242 954 1368 995 primum
1395 954 1442 984 hi«¹
1467 954 1563 984 locum

151 1021 213 1041 esse
237 1011 348 1049 datum,
372 1011 448 1052 quod
474 1012 606 1042 omnium
643 1012 793 1042 initiorum
824 1015 995 1053 potestatem
1026 1013 1154 1050 haberet,
1175 1022 1232 1042 non
1258 1016 1310 1047 est,
1334 1022 1387 1041 eur
1410 1011 1564 1041 credamus

154 1087 193 1090 —
219 1079 294 1109 quae
319 1073 417 1099 tamen
443 1069 543 1100 fabula
567 1070 638 1100 satis
658 1069 752 1100 multa
777 1080 899 1100 munera
923 1075 952 1100 et
974 1070 1045 1100 vilia
1069 1075 1098 1099 et
1117 1070 1185 1099 ficta
1209 1069 1278 1099 huie
1303 1069 1356 1099 deo
1373 1069 1564 1110 comparavit,

151 1132 182 1156 ut
206 1126 283 1166 quod
309 1131 410 1156 narrat
436 1127 624 1166 Augustinus
651 1131 688 1162 (c.
717 1127 743 1157 d.
770 1127 844 1167 XII,
874 1128 919 1165 ⁹2):
954 1128 1070 1157 aditum
1109 1128 1210 1166 (aperit
1247 1128 1417 1165 recipiendo
1454 1128 1564 1156 semim·
1582 1136 1589 1139 ·

151 1184 181 1224 (l.
206 1195 238 1224 c.‚
262 1196 285 1215 o.
308 1185 345 1221 3).
392 1184 496 1225 Neque
521 1184 624 1225 magis,
650 1185 744 1225 eredo,
768 1196 857 1226 quam
882 1185 964 1225 Ζεὺς
989 1185 1078 1217 Ianus
1094 1192 1138 1216 est
1154 1185 1295 1216 dicendus
1311 1185 1382 1215 deus
1402 1184 1564 1221 initiorum,

151 1247 220 1280 nasm
248 1242 325 1282 quod
350 1242 491 1272 dixerunt
522 1248 624 1283 poetae
659 1243 770 1281 graeei:
808 1244 846 1274 ἐκ
875 1244 946 1273 dedo
969 1244 1178 1282 ἀρχώμεσθα.
1209 1249 1241 1273 ut
1268 1251 1311 1273 est
1335 1243 1413 1284 apud
1437 1243 1562 1273 Aratum

150 1299 213 1339 (cfr.
238 1299 326 1330 etiam
348 1299 464 1330 Gallim.
490 1299 550 1330 Ιον.
579 1300 590 1330 1
619 1311 662 1340 sq.
685 1304 713 1331 et
736 1300 858 1331 Theoer.
876 1300 913 1331 id.
928 1300 1031 1339 XVII,
1053 1301 1077 1337 l)
1091 1300 1144 1331 hoe
1161 1300 1197 1331 ad
1215 1301 1302 1331 deum
1317 1301 1560 1339 potentissimum

150 1361 282 1398 spectare
307 1362 386 1398 puta.
433 1358 529 1394 Quam
553 1358 590 1388 ob
615 1369 675 1388 rem
701 1358 781 1388 haud
805 1358 891 1388 aliter
915 1358 1003 1388 simili
1031 1358 1060 1388 in
1077 1370 1146 1389 casu
1163 1359 1199 1388 de
1217 1358 1289 1388 [aiio
1306 1362 1349 1388 est
1366 1358 1562 1388 statuendum.

151 1414 244 1451 Quem
269 1414 388 1455 quidem
413 1415 500 1446 deum
527 1415 668 1446 Horatius
696 1416 766 1453 (sat.
796 1415 835 1455 II,
864 1417 893 1455 6,
920 1416 961 1446 ⁹22
986 1421 1038 1456 sq.)
1064 1427 1122 1447 non
1146 1427 1230 1447 secus
1254 1415 1383 1447 invocat:
1408 1420 1441 1446 tu
1465 1416 1563 1455 (Iane)

150 1473 301 1503 carminis
324 1476 384 1503 esto
407 1475 605 1512 principium,
636 1485 694 1514 quo
717 1474 835 1514 quidem
861 1485 897 1504 ex
920 1474 997 1504 dioto
1023 1474 1115 1505 honor
1139 1485 1272 1505 summus
1296 1474 1341 1504 dvi
1363 1474 1560 1515 antiquissimi

150 1531 322 1561 etiamnunc
357 1532 496 1570 cernitur,
533 1532 624 1561 ”unde
661 1532 794 1562 homines
822 1543 941 1573 operum
965 1533 1075 1573 primos
1100 1533 1235 1573 vitaeque
1255 1532 1384 1563 labores*
1410 1533 1563 1563 instituere

150 1588 292 1627 solebant,
327 1589 450 1629 antiquo
486 1589 604 1629 quidem
635 1600 714 1619 more
742 1589 831 1619 ducti.
862 1609 900 1612 —
916 1590 1053 1620 Ovidius
1076 1601 1191 1631 quoque
1216 1589 1307 1629 (Fast.
1334 1590 1356 1629 I,
1382 1590 1438 1629 64)
1462 1589 1562 1620 eodem

151 1646 237 1677 modo
260 1658 279 1677 a
302 1646 376 1678 Iano
401 1647 517 1689 incipit:

451 1719 539 1757 inque
565 1729 625 1748 meo
644 1720 770 1757 primus
794 1720 930 1749 carmine
954 1719 1053 1749 Ianus
1078 1720 1171 1749 adest.

242 1796 385 1833 Quocirca
406 1797 461 1828 hac
482 1798 513 1828 iu
541 1809 631 1829 causa
658 1798 700 1828 sio
724 1802 832 1829 statuo:
868 1799 939 1839 quia
959 1809 976 1828 a
1001 1798 1148 1839 principio
1172 1797 1263 1828 Ianus
1287 1808 1419 1828 summus
1443 1802 1486 1828 est
1510 1797 1563 1827 ha-

151 1854 228 1884 bitus
252 1854 331 1893 deus,
356 1854 421 1885 ideo
447 1866 526 1886 more
551 1856 694 1886 maiorum
713 1856 821 1886 tradito
839 1856 867 1886 in
886 1856 1020 1886 formulis
1036 1856 1127 1886 saeris
1145 1856 1339 1896 precibusque
1359 1856 1421 1886 deis
1443 1855 1563 1895 reliquis

151 1912 311 1943 identidem
336 1912 527 1953 praeponitur
550 1913 695 1944 omnibus.
744 1913 848 1954 Neque
872 1914 958 1944 aliter
983 1914 1015 1944 fit
1040 1914 1071 1943 in
1095 1917 1193 1944 vetere
1217 1914 1270 1944 illa
1294 1914 1421 1944 formula
1441 1925 1459 1943 a
1476 1913 1562 1943 Livio

151 1969 254 2009 (VIII,
281 1970 314 2009 9)
338 1974 462 2009 servata,
490 1981 549 2010 qua
577 1982 607 2001 se
636 1971 745 2002 Decius
769 1972 831 2002 deis
855 1972 988 2010 devovet,
1024 1982 1092 2001 nam
1131 1971 1227 2012 primo
1251 1971 1299 2001 hie
1323 1982 1437 2012 quoque
1464 1971 1561 2008 Ianus,

241 2096 269 2128 q‘')
290 2097 334 2121 Cfr
354 2097 515 2127 Quintiliani*
530 2097 616 2122 Instit.
636 2097 669 2126 X,
690 2098 712 2121 l.
735 2111 760 2114 -
783 2097 892 2128 August.
915 2106 935 2120 c.
956 2098 980 2121 d.
1002 2098 1046 2126 VI,
1066 2099 1081 2122 2
1102 2098 1175 2122 alibi.
1196 2113 1230 2116 -—
1251 2098 1303 2123 Cic.
1324 2098 1402 2122 Acad.
1424 2098 1433 2121 Ι
1454 2107 1466 2121 c
1496 2098 1520 2121 3.

223 2139 271 2174 Ἠ’)
291 2140 335 2165 Cfr
355 2141 465 2173 August.
486 2151 506 2167 c.
528 2141 551 2166 d.
574 2141 617 2171 VI,
637 2142 664 2166 9:
695 2141 811 2174 Denique
840 2144 866 2165 et
892 2141 945 2174 ipse
970 2141 1052 2165 Varro
1072 2150 1267 2166 commemorare
1288 2145 1312 2165 et
1334 2150 1482 2166 enumerare
1503 2141 1562 2166 deos

151 2184 235 2217 coepit
255 2193 270 2208 a
290 2185 455 2218 conceptione
474 2186 593 2215 hominis,
612 2195 720 2219 quorum
740 2195 857 2211 numeros
878 2195 982 2211 exorsus
1002 2189 1040 2210 est
1060 2195 1075 2210 a
1095 2186 1165 2211 Iano.
