1773 2449
468 416 523 463 De
554 416 660 464 Iano
691 428 853 465 summo
883 417 1167 465 Romanorum
1197 419 1280 467 deo.

814 541 922 573 Scripsit

773 641 800 671 S.
826 641 965 672 LINDE.

164 821 310 882 Quanta
337 851 381 878 est
416 848 543 879 varietas
579 859 676 879 rerum
712 849 911 880 humanarum
935 853 1037 880 mutuo
1061 850 1256 880 cresc-entium
1280 853 1309 879 et
1333 849 1576 888 decrescentium,

163 908 249 935 tanta
283 909 327 937 est
357 906 447 937 etiam
484 907 611 938 varietas
647 907 778 949 ipsorum
815 908 944 948 deorum,
980 911 1013 938 ut
1048 908 1084 938 de
1120 908 1182 939 deis
1209 907 1339 938 romanis
1363 894 1576 938 animadvertit

164 961 330 993 Mommsen
354 963 450 1003 (Rom.
475 964 582 995 Gesoh.
602 964 642 1004 I,⁸
668 976 694 1006 p.
723 965 806 1005 159).
854 966 901 995 Ac
924 966 1033 996 summi
1057 967 1177 1006 quidem
1202 967 1248 996 dei
1272 966 1405 997 omnium
1430 966 1491 996 fere
1503 976 1575 1005 gen-

163 1020 238 1050 tium
262 1020 332 1051 huic
356 1021 554 1052 vicissitudini
590 1023 721 1053 maxime
756 1023 876 1053 fuerunt
903 1023 1038 1054 subiecti:
1064 1033 1134 1054 nam
1158 1034 1253 1064 neque
1281 1023 1416 1064 Iuppiter
1440 1023 1575 1064 princeps

163 1077 283 1108 deorum
316 1088 506 1110 romanorum
541 1090 657 1121 semper
692 1081 747 1111 fuit
780 1091 875 1121 neque
902 1083 984 1121 Ζεὺς
1011 1091 1194 1120 graecorum,
1218 1081 1297 1121 quod
1321 1080 1393 1112 satis
1416 1080 1575 1111 ostendunt

163 1136 332 1167 testimonia
355 1137 530 1178 scriptorum
555 1139 753 1179 antiquorum,
778 1149 847 1175 nam
872 1142 901 1169 et
925 1138 1043 1169 fabulae
1067 1139 1148 1179 ipsae
1172 1141 1201 1169 et
1224 1142 1377 1179 poetarum
1401 1138 1437 1169 de
1460 1138 1575 1178 origine

163 1193 282 1224 deorum
319 1194 504 1226 narrationes
539 1195 616 1225 idem
645 1206 764 1236 prorsus
787 1196 972 1226 confirmant.
1020 1195 1124 1236 Itaque
1149 1196 1180 1225 in
1204 1195 1364 1235 theogonia
1388 1195 1510 1226 Hesiodi
1535 1196 1574 1234 (v.

166 1250 229 1281 138
254 1254 283 1281 et
311 1251 383 1289 159)
422 1254 566 1292 Οὐρανὸς
591 1256 620 1283 et
648 1255 785 1294 Κρόνος,
814 1253 865 1293 qui
890 1263 966 1283 unus
1001 1256 1064 1283 erat
1096 1252 1248 1292 Titanum,
1288 1263 1410 1283 munere
1445 1252 1491 1282 dei
1523 1262 1574 1293 po-

161 1308 320 1339 tentissimi
345 1320 382 1340 ex
399 1309 502 1340 ordine
518 1310 675 1350 fungentes
699 1310 889 1340 inducuntur.
938 1310 1053 1341 Horum
1078 1310 1155 1340 enim
1181 1314 1303 1350 uterque
1327 1312 1424 1348 antea,
1448 1309 1574 1339 eundem

163 1366 259 1396 tenuit
295 1366 401 1407 locum,
436 1378 523 1408 quem
560 1371 674 1409 postero
710 1371 840 1408 tempore
875 1368 905 1397 vi
941 1368 1101 1407 assumpsit
1129 1369 1217 1407 Ζεύς.
1271 1367 1366 1397 Immo
1390 1377 1459 1397 vero
1484 1367 1572 1405 Ζεὺς,

162 1423 251 1454 θεῶν
274 1427 382 1466 πατὴρ
407 1425 465 1464 ῆὸὲ
492 1427 545 1456 καὶ
568 1425 699 1464 ἀνδρῶν
732 1425 783 1465 (ib.
812 1425 899 1464 457),
927 1425 988 1465 ipse
1016 1428 1060 1455 est
1084 1424 1253 1463 Κρονίὁης,
1279 1425 1463 1464 ὑπερμενὴς
1485 1424 1572 1461 Κρο-

112 1499 117 1504 -
163 1482 222 1512 ίων
244 1483 283 1521 (v.
310 1482 388 1521 535)
416 1483 463 1513 vel
491 1483 510 1513 ὁ
533 1485 726 1523 παγκρατὴσ
749 1485 879 1523 Κρόνου
903 1489 982 1513 παϊσ
1009 1481 1109 1523 (Soph.
1134 1481 1210 1511 Phil.
1237 1482 1323 1520 680).
1364 1481 1469 1521 Neque
1485 1481 1573 1512 aliter

135 1528 223 1574 >rem
257 1541 393 1582 exposuit
429 1541 635 1582 Apollodorus,
670 1541 755 1572 cuius
790 1540 977 1571 Bibliotheca
1012 1540 1049 1570 ab
1085 1540 1132 1570 his
1159 1539 1265 1580 incipit
1289 1539 1398 1570 verbis:
1429 1539 1575 1578 Οὐρανὸς

160 1602 293 1637 πρῶτος
311 1606 370 1630 τοῦ
393 1600 517 1639 παντὸς
536 1598 735 1638 ἐὸυνάστησε
757 1600 887 1637 κόσμου.
937 1597 1098 1628 Verissime
1135 1597 1235 1637 igitur,
1270 1597 1383 1638 opinor,
1411 1597 1488 1638 apud
1514 1597 1574 1627 Ae-

161 1656 299 1696 schylum
323 1657 431 1694 (Prom.
456 1668 482 1687 v.
508 1657 587 1696 957)
612 1657 805 1687 Prometheus
829 1657 864 1687 de
888 1656 1000 1686 duobus
1024 1656 1146 1686 deorum
1170 1655 1306 1696 tyrannis
1326 1665 1418 1695 regno
1441 1644 1573 1696 expulsis

161 1714 301 1754 (ὁισσοὺς
334 1715 511 1754 τυράννους
544 1715 745 1754 ἐκπεσόντας
775 1714 930 1754 ᾐσθόμην)
965 1713 1103 1743 nuntium
1140 1713 1221 1744 Iovis
1257 1716 1362 1743 monet.
1415 1712 1493 1742 Nam
1520 1723 1572 1742 cur

164 1772 309 1810 Οὐρανὸς
331 1776 360 1802 et
384 1772 465 1803 Γαῖα
493 1773 578 1813 quasi
613 1773 759 1813 imagines
794 1772 994 1811 adumbratae,
1023 1774 1054 1801 ut
1078 1770 1172 1802 voluit
1196 1770 1337 1801 Welcker
1361 1769 1422 1807 (Gr.
1446 1768 1571 1800 Gotterl.

161 1828 185 1868 I,
209 1839 236 1869 p.
262 1829 347 1868 265),
371 1829 546 1869 habeantur,
574 1831 626 1860 vix
659 1830 721 1860 ulla
748 1834 792 1861 est
812 1840 900 1860 causa
924 1830 1009 1860 iusta.
1057 1829 1130 1859 Tria
1153 1829 1233 1859 enim
1261 1828 1313 1859 illa
1340 1828 1473 1869 imperia,
1496 1838 1572 1868 quae

164 1886 316 1926 Οὐρανὸς,
338 1887 474 1927 Κρόνος,
498 1887 581 1928 Ζεὺς
606 1887 683 1918 alius
719 1890 784 1929 post
819 1886 911 1917 alium
938 1886 1086 1925 tenebant,
1112 1886 1199 1927 plane
1223 1885 1292 1915 ficta
1311 1888 1340 1915 et
1364 1884 1573 1915 commenticia

161 1957 224 1977 esse
247 1956 307 1976 non
332 1949 461 1987 possunt,
492 1946 543 1976 sed
580 1946 739 1977 veterrima
775 1945 945 1976 narratione
972 1955 1021 1975 ore
1046 1948 1210 1985 propagata
1234 1943 1298 1974 sine
1322 1942 1411 1973 dubio
1436 1942 1572 1972 nituntur

251 2003 333 2025 Lnnds
349 2003 423 2025 Univ.
439 1996 568 2025 [xrsskrift.
600 2003 666 2024 Tum.
683 2003 788 2026 XXVII.
1469 2001 1482 2023 l
