1773 2449
184 94 204 125 6
833 109 855 131 s,
871 109 955 131 Linde.

275 185 332 216 His
355 185 547 216 consideratis
571 185 652 215 haud
675 185 718 215 ita
743 185 852 215 mirum
869 185 964 216 videri
977 185 1064 216 debet
1079 185 1231 216 Romanos
1248 196 1356 217 nomen
1380 186 1448 218 Iani
1468 187 1515 218 dei
1533 198 1600 218 eum

184 244 303 275 nomine
327 243 508 287 appellativo
543 243 620 283 iani,
656 253 722 274 cum
759 242 848 285 plane
876 242 1045 275 consimiles
1069 246 1166 274 essent
1202 253 1296 284 voces,
1331 244 1505 276 confudisse.
1553 236 1603 276 Ae

183 311 250 332 cum
275 301 389 342 origine
413 302 571 332 obscurum
595 304 670 332 esset
696 311 802 331 nomen
828 301 884 340 dei,
908 300 1054 332 voeabula
1078 311 1156 341 vero,
1180 311 1256 342 quae
1276 305 1345 331 sunt
1369 303 1470 342 ianus,
1494 304 1601 342 ianua,

184 360 301 391 ianitor
324 363 388 400 eet.⁷
412 359 550 391 omnibus
573 359 728 391 notissima
763 362 852 401 atque
880 362 992 401 aperta,
1016 359 1090 390 haee
1114 359 1152 390 ad
1176 358 1251 390 illud
1276 359 1488 392 declarandum
1512 360 1601 403 perti-

183 418 293 458 nuisse,
314 428 431 448 neeesse
455 420 507 448 est.
554 417 660 458 Itaque
685 417 787 448 Cicero
811 428 919 448 nomen
944 418 990 448 dei
1015 417 1097 448 illius
1116 418 1154 448 ab
1178 418 1275 448 eundo
1311 417 1431 448 ductum
1461 429 1523 450 esse
1546 429 1601 460 pu·

183 475 267 515 tavit,
292 478 323 505 ut
346 475 383 505 ad
407 474 653 515 significationem
676 486 781 505 vocum
806 476 874 506 iani
904 479 933 506 et
957 476 1071 506 ianuae
1084 475 1112 514 *)
1148 475 1329 514 conveniret,
1356 485 1430 515 quas
1458 478 1559 507 tamen
1582 486 1600 506 a

184 533 238 563 deo
258 533 425 563 nominatas
454 543 609 574 perperam
638 533 760 563 iudicat:
798 533 849 564 ”ex
879 544 937 574 quo
958 533 1148 564 transitiones
1172 533 1291 574 perviae
1316 533 1385 563 iani
1408 533 1543 574 foresque
1568 534 1599 563 in

184 590 338 621 liminibus
357 591 549 632 profanarum
573 591 692 622 aedium
721 591 828 622 ianuae
855 591 1071 631 nominantur”‚
1107 601 1288 632 quamquam
1312 590 1523 632 propemodum
1547 601 1600 632 ap-

185 653 275 689 paret,
295 649 378 679 illum
403 649 621 688 significatione
646 650 800 680 nominum
826 650 1073 691 appellativorum
1095 650 1214 690 cognita
1238 650 1280 680 ita
1304 649 1448 680 statuisse.
1486 648 1597 679 Eodem

184 706 244 736 sere
269 706 353 737 modo
378 706 425 736 vel
454 706 547 737 falsae
582 707 779 748 etymologiae
815 707 844 737 vi
882 707 992 737 factum
1028 718 1091 738 esse
1119 707 1243 747 videtur,
1267 710 1301 737 ut
1325 706 1416 736 Ianus
1440 705 1599 747 posteriore

184 768 279 795 aetate
304 765 440 796 omnibus
465 765 564 796 ianuis
588 769 617 796 et
642 766 698 796 viis
723 777 857 807 praeesse
882 765 1057 796 crederetur.

269 822 399 852 Tantum
424 823 504 853 enim
529 823 560 853 iu
589 823 774 863 mytliologia
810 823 893 863 falsa,
929 834 1018 864 quam
1055 827 1170 862 vocant,
1198 822 1379 863 etymologia
1404 822 1507 860 valuit,
1528 832 1596 851 nam

184 891 248 910 eum
271 880 518 920 significationem
554 885 583 912 et
619 881 766 921 originem
791 881 837 912 dei
864 882 994 912 nominis
1018 881 1128 913 oblivio
1144 881 1297 921 obruisset,
1322 881 1415 911 ianus
1439 882 1468 910 et
1493 880 1599 919 ianua,

185 948 241 967 non
267 938 339 968 adeo
364 938 522 970 dissimilia
547 940 645 979 verba,
670 940 770 970 eodem
798 940 944 981 pertinere
968 940 1171 971 credebantur.
1219 940 1315 976 Quam
1339 939 1376 969 ob
1393 948 1453 969 rem
1471 938 1507 968 de
1524 937 1599 968 falsa

183 995 363 1036 etymologia
389 996 481 1027 multo
507 998 604 1028 verius
629 998 658 1027 id
684 998 742 1028 diei
769 1002 871 1039 potest,
895 999 973 1039 quod
999 998 1102 1029 Uieero
1126 998 1161 1028 (le
1187 997 1310 1039 physica
1334 997 1364 1036 (i.
1381 1007 1404 1026 e.
1421 995 1598 1034 Stoicorum)

186 1054 297 1084 ratione
321 1054 392 1084 dieit
413 1054 462 1093 (N.
484 1055 519 1085 l).
545 1055 576 1085 II
601 1067 623 1085 e.
651 1056 691 1085 27
718 1058 734 1094 ᾖ
760 1058 827 1092 69);
865 1056 958 1094 ''qeme
995 1067 1042 1086 res
1074 1057 1180 1093 ,qenuit
1201 1056 1311 1093 salsas
1338 1055 1493 1093 opiniones
1518 1063 1598 1083 erro-

185 1121 288 1149 resque
313 1112 499 1142 turbulentos
524 1116 551 1143 et
575 1114 806 1151 superb—titianae
826 1124 926 1152 paene
949 1113 1073 1143 aniles'fi

269 1169 345 1205 Quid
370 1170 425 1199 sibi
455 1170 603 1201 voluerint
632 1172 699 1201 iani
727 1172 837 1212 apertis
875 1172 972 1201 verbis
1004 1172 1088 1201 doeet
1113 1171 1227 1200 Cieero:
1264 1170 1471 1208 transitiones,
1493 1168 1598 1208 inquit,

179 1228 306 1265 perviae
329 1228 397 1257 ‘iani
422 1229 631 1259 nominantur.
680 1228 836 1260 Notissimi
865 1229 977 1260 Romae
1003 1229 1063 1259 iani
1090 1232 1148 1259 tres
1173 1231 1257 1259 erant
1283 1227 1426 1258 transitus
1450 1225 1544 1268 pervii
1569 1228 1598 1256 et

184 1284 252 1314 teeti
277 1285 324 1315 vel
349 1282 442 1325 arens,
468 1297 520 1327 per
543 1297 616 1327 quos·
649 1287 679 1317 in
716 1288 812 1318 forum
842 1287 1002 1329 porticibus
1028 1287 1217 1328 tabernisque
1249 1286 1382 1317 clausum
1394 1285 1437 1322 **)
1462 1283 1599 1315 introitus

184 1341 310 1372 daretur.
359 1343 416 1379 Qui
442 1343 502 1374 iani
528 1344 615 1375 iidem
640 1357 703 1375 esse
729 1345 875 1385 videntur,
899 1357 973 1386 quos
998 1345 1141 1376 Horatius
1158 1344 1429 1383 secmnmm,·immn
1443 1342 1506 1381 ***)
1530 1341 1598 1383 (Ep.

186 1399 207 1438 1,
237 1400 261 1438 1,
280 1400 344 1440 53),
382 1402 560 1442 medium'l‘)
593 1404 665 1442 (Sat.
694 1403 731 1440 ll,
758 1405 785 1442 3,
817 1404 866 1441 19)
895 1403 1034 1444 appellat.
1081 1403 1247 1434 Posteriore
1271 1401 1376 1432 saltem
1401 1403 1497 1431 aetate
1521 1400 1598 1430 eius-

184 1457 262 1487 modi
288 1457 347 1487 iani
371 1458 416 1488 vel
441 1469 528 1490 arcus
564 1470 615 1500 per
650 1471 752 1491 omnes
788 1461 869 1491 urbis
906 1461 1041 1500 regiones
1076 1460 1217 1491 exstructi
1254 1462 1339 1489 erant
1363 1461 1435 1489 teste
1459 1457 1598 1488 Suetonio

254 1598 281 1628 ἦ)
302 1599 389 1631 Neque
410 1600 488 1624 aliter
508 1601 597 1626 Cicero
618 1603 649 1626 de
669 1603 779 1631 ratione,
800 1612 865 1634 quae
885 1603 954 1626 inter
968 1602 1093 1626 voeabula
1109 1601 1214 1625 Veneris
1237 1603 1262 1624 et
1286 1599 1430 1624 venustatis
1443 1597 1597 1624 intercedat,

180 1641 280 1671 judicat
301 1643 343 1674 (N.
364 1644 392 1668 D.
413 1645 447 1673 11,
467 1654 487 1669 e.
508 1646 542 1670 ⁴27
563 1646 579 1678 ξ
600 1645 655 1678 69);
686 1646 772 1677 ”Quae
791 1649 876 1671 autem
896 1647 944 1671 dea
964 1647 999 1670 ad
1019 1653 1059 1670 res
1075 1653 1161 1670 omnes
1181 1645 1284 1675 veniret,
1309 1644 1429 1668 Venerem
1451 1642 1534 1666 nostri
1553 1648 1598 1665 no-

182 1686 356 1719 minue-erunt,
377 1691 453 1720 alque
463 1697 493 1714 er
502 1698 532 1715 ειι
548 1690 636 1721 polius
658 1693 786 1720 venustas,
805 1699 882 1722 quam
908 1690 996 1716 Venus
1015 1699 1045 1716 ex
1066 1689 1223 1714 rc·n1‹sta!e”.
1245 1703 1270 1706 —
1291 1688 1328 1712 Ac
1348 1696 1375 1712 re
1394 1695 1456 1712 vera
1476 1683 1598 1717 composi-

182 1729 260 1753 tionis
281 1732 394 1755 membra
414 1732 561 1764 compositis
584 1734 647 1765 ipsis
670 1737 729 1758 sunt
750 1734 838 1766 priora
860 1735 987 1758 habenda.
1030 1735 1118 1759 Venus
1137 1733 1202 1757 enim
1223 1732 1327 1765 proprie
1347 1730 1535 1764 appellativum
1555 1737 1599 1752 no-

183 1781 239 1797 men
259 1776 297 1798 est
317 1774 404 1799 eadem
425 1775 525 1808 origine
544 1780 623 1809 atque
646 1779 743 1809 sen-ia,
774 1780 928 1809 renms-Ius„
957 1779 1111 1802 ren-us-tas.
1149 1777 1186 1801 Ac
1206 1775 1262 1809 quis
1282 1777 1329 1805 est,
1349 1774 1412 1807 quin
1432 1773 1520 1798 videat
1540 1779 1598 1803 cog-

184 1819 245 1841 nata
265 1819 353 1848 verba,
374 1829 439 1852 quae
459 1823 518 1845 sunt
546 1824 676 1851 venustas,
706 1825 837 1853 renuslus,
867 1823 975 1847 multum
1006 1822 1117 1847 valuisse
1136 1822 1169 1846 ad
1189 1821 1241 1846 vim
1261 1820 1376 1849 Veneris,
1395 1815 1598 1852 pulchritudinis

183 1860 254 1890 deae,
275 1864 478 1889 constituendam
499 1868 524 1890 et
544 1867 696 1890 servandum

256 1906 300 1937 Με)
320 1907 399 1936 Quam
419 1917 471 1932 rem
492 1909 546 1933 loco
568 1909 677 1934 Liviano
697 1910 750 1941 (41,
771 1911 817 1941 27)
849 1911 1016 1942 comprobare
1036 1910 1103 1937 volo,
1124 1908 1168 1933 ubi
1191 1908 1239 1932 etsi
1260 1916 1310 1932 non
1330 1907 1361 1931 de
1381 1907 1462 1930 Roma
1482 1907 1598 1929 attamen

183 1947 214 1971 de
233 1949 297 1973 urbe
317 1950 349 1975 ad
369 1951 505 1984 imaginem
524 1953 620 1978 Romae
640 1954 780 1985 composita
801 1953 901 1985 agitur:
928 1954 1041 1978 Fulvius
1060 1953 1153 1978 locavit
1165 1953 1257 1984 sorum
1273 1950 1420 1982 porticibus
1434 1948 1598 1977 tabernisque

182 1993 357 2018 claudendum
377 1998 400 2019 et
420 1997 494 2021 ianos
514 1999 566 2022 tres
580 1998 728 2029 faciendos.

256 2036 317 2070 *³⁶*)
339 2039 414 2063 Ianus
433 2048 552 2065 summus
572 2041 604 2065 ab
625 2042 674 2066 imo
695 2041 760 2065 idem
782 2043 821 2064 est
842 2043 921 2072 atque
941 2042 1023 2063 totum
1035 2040 1117 2063 forum
1129 2040 1169 2063 vel
1182 2039 1264 2064 totius
1278 2038 1326 2062 fori
1339 2039 1502 2062 mercatores.
1521 2034 1598 2059 Prae-

183 2080 255 2103 terea
276 2082 361 2106 confer
381 2083 437 2107 edd⁴
459 2083 597 2113 Schmiedi,
617 2084 723 2113 Ritteri⁷
745 2083 895 2114 Kiesslingi.

255 2124 283 2156 (†
303 2126 447 2151 Scholiasta
477 2127 564 2160 ⁴kAero)
595 2128 628 2152 ad
658 2128 672 2152 h
711 2128 726 2152 1.
749 2130 875 2151 annotat:
917 2127 991 2151 Ianus
1021 2126 1118 2151 medius
1148 2127 1216 2151 loeus
1240 2126 1325 2165 dictus
1353 2132 1433 2157 prope
1464 2121 1597 2147 basilicam

183 2165 267 2191 Pauli.
