1773 2449
1532 67 1573 98 15

628 85 664 106 De
679 85 740 106 Iano
755 90 849 105 summo
864 83 1031 105 Romanorum
1047 84 1099 105 deo.

250 160 336 192 Certe
360 161 390 192 iu
414 161 536 202 hymnis
564 160 675 191 vedicis
702 158 746 190 sol
774 158 864 189 semel
888 159 989 189 anima
1011 159 1115 189 mundi
1128 159 1154 196 *)
1178 157 1215 197 (Ι,
1243 146 1313 195 115,
1341 158 1371 197 1)
1395 157 1571 199 appellatur.

159 219 216 250 Sed
240 219 388 250 interdum
412 230 465 261 pro
489 229 521 250 re
544 218 633 260 plane
658 216 792 248 inanima
816 216 904 256 valet,
931 226 1001 247 nam
1026 217 1058 247 in
1077 216 1180 257 hymn.
1205 215 1243 260 Y,
1269 216 1320 255 63,
1345 216 1362 246 7
1388 226 1500 246 currus
1524 215 1571 246 lu-

159 277 247 308 cidus
270 277 333 308 sine
353 277 529 317 ambagibus
552 276 595 307 sol
620 278 751 306 vocatur.
799 274 947 315 Persaepe
968 285 1037 304 vero
1061 274 1104 304 sol
1120 273 1222 304 oculus
1238 284 1300 304 esse
1316 274 1424 303 dicitur
1440 274 1569 311 deorum,

159 336 188 364 et
211 334 340 366 maxime
367 334 486 376 quidem
520 332 624 364 oculus
652 332 771 362 Varuni
799 335 828 361 et
851 331 956 361 Mithri
988 331 1057 368 (vid.
1082 331 1259 370 Bergaigne⁷
1283 330 1347 360 Rel.
1372 331 1436 360 ved.
1460 335 1479 360 t.
1504 331 1519 360 Ι
1543 343 1568 372 p.

162 393 201 431 7).
228 411 267 415 —
289 393 448 423 Praeterea
471 391 589 422 oculum
613 390 658 420 dei
684 389 775 420 solem
799 400 861 420 esse
885 399 986 420 omnes
1010 392 1121 429 gentes,
1145 399 1221 430 quae
1245 388 1353 430 ubique
1378 392 1454 428 sunt,
1478 389 1570 419 credi-

159 449 278 480 derunt:
310 449 383 479 haec
419 447 502 487 vulgi
539 450 627 488 atque
662 446 865 488 imperitorum
890 446 946 476 fuit
969 446 1077 487 opinio,
1097 456 1186 486 quam
1210 446 1332 476 eandem
1359 446 1438 487 apud
1459 450 1570 477 veteres

158 507 309 538 Romanos
345 506 475 546 viguisse
510 504 680 535 Macrobius
715 503 787 544 (Sat.
822 503 846 544 Ι,
880 504 930 543 21,
959 504 1013 545 12)
1037 503 1133 534 docet:
1160 522 1200 525 —
1226 503 1324 533 Solem
1350 502 1432 534 Iovis
1451 504 1567 533 oculum

159 565 295 603 appellat
319 564 497 602 antiquitas.
546 563 602 593 Sed
635 562 737 593 oculus
772 565 816 592 est
852 572 920 602 pars
955 562 1011 600 dei,
1046 572 1104 592 non
1134 562 1207 592 deus
1230 565 1316 592 totus.
1366 562 1456 592 Errat
1480 562 1571 602 igitur

158 621 328 652 Macrobius
354 640 394 643 —
421 620 556 651 doctrina
579 619 729 661 platonica
752 619 883 649 imbutus
909 637 948 641 -
975 618 1083 649 Osirim
1101 622 1129 648 et
1153 618 1243 649 solem
1267 619 1391 650 eundem
1413 631 1475 650 esse
1491 620 1522 660 (l.
1536 625 1570 657 c.)

157 679 324 709 affirmans:
349 678 442 708 Hune
466 677 574 708 Osirin
598 677 743 716 Aeyyptii
768 680 800 706 ut
823 678 914 707 solem
931 686 994 706 esse
1010 678 1166 714 adseram,
1185 678 1320 714 quotiens
1336 678 1571 717 lcieroylypleieis

158 737 270 766 litteris
294 737 360 766 suis
383 736 553 774 exprimere
577 735 688 774 volunt,
713 735 890 773 insculpunt
919 737 1068 772 sceptrum
1101 735 1191 771 inque
1220 744 1251 764 eo
1275 735 1402 772 speciem
1426 736 1505 765 oculi
1521 746 1569 765 er-

153 795 305 833 primunt‚
332 797 359 824 et
383 794 435 824 hoe
462 795 547 831 simio
575 793 682 823 Osirin
718 795 897 832 monstrant,
932 792 1140 830 significantes
1169 792 1247 822 lzzme
1271 793 1357 822 deum
1386 791 1482 823 Solem.
1507 803 1570 823 esse

157 852 311 889 reqalique
342 854 489 889 potestate
517 851 675 880 sublimem
699 853 808 880 cuneta
832 850 992 887 despicere.
1040 850 1140 890 Atque
1164 853 1196 879 nt
1221 849 1362 891 Iuppiter,
1386 851 1501 881 etiamsi
1526 852 1568 881 sol

156 909 259 940 oculus
284 909 346 939 eius
370 908 417 948 sit,
438 908 501 949 ipse
521 918 579 939 non
605 911 649 938 est
673 907 730 948 Sol,
755 907 796 937 ita
820 907 914 938 Osiris
938 918 1053 948 quoque
1078 907 1296 949 Aegyptiorum
1322 908 1409 949 plane
1430 908 1507 939 idem
1525 914 1569 939 at-

156 977 213 1007 que
237 966 339 997 oculus
363 977 432 997 suus
456 976 516 996 non
540 969 583 997 est
611 968 693 1006 (uam
721 965 838 995 litteras
873 965 1113 1006 hieroglyphicas
1140 976 1199 996 non
1228 965 1323 996 solum
1347 976 1393 997 ros
1417 970 1494 998 totas
1518 968 1567 998 sed

156 1024 246 1054 etiam
273 1027 371 1065 partes
407 1034 506 1054 rerum
541 1023 707 1064 exprimere
744 1033 828 1064 posse
863 1023 1050 1053 notissimum
1078 1024 1141 1062 est),
1166 1023 1215 1053 sed
1240 1026 1273 1052 ut
1297 1023 1430 1064 Iuppiter
1453 1024 1566 1055 caelum

156 1081 219 1112 sine
243 1081 332 1112 dubio
356 1081 512 1121 significat.

242 1139 346 1180 Neque
373 1139 533 1170 honoribus
569 1139 641 1169 adeo
670 1138 786 1178 magnis
810 1138 853 1169 sol
878 1139 909 1168 in
934 1138 1054 1179 hymnis
1079 1139 1273 1169 hebraeorum
1298 1139 1472 1177 celebratur,
1496 1151 1565 1171 nam

155 1208 223 1228 casa
250 1197 312 1228 sola
339 1198 366 1228 ei
398 1198 430 1228 in
466 1197 555 1228 caelis
588 1200 640 1237 est⁷
676 1196 755 1228 unde
790 1200 823 1227 ut
858 1207 982 1238 sponsus
1017 1197 1178 1238 procedens
1204 1216 1244 1220 —
1271 1197 1402 1229 exsultat
1425 1201 1458 1228 ut
1482 1199 1567 1229 heros
1599 1198 1602 1201 ’

154 1256 208 1296 (ps.
238 1255 286 1295 19,
312 1255 341 1295 5,
367 1256 407 1296 6).

239 1312 295 1343 His
331 1313 522 1344 consideratis
558 1316 587 1343 et
622 1312 792 1343 deliberatis
826 1313 863 1343 ab
898 1312 1070 1343 hominibus
1101 1313 1374 1354 antiquissimorum
1400 1318 1565 1356 temporum

153 1369 226 1399 haec
250 1370 473 1410 magnificentia
497 1370 573 1401 Solis
597 1370 652 1410 dei,
680 1381 769 1411 quam
799 1370 963 1411 mythologi
1001 1372 1176 1402 recentiores
1200 1382 1307 1412 augere
1332 1376 1360 1402 et
1384 1373 1565 1414 amplificare

154 1426 338 1467 studuerunt,
374 1427 506 1468 profecta
533 1438 595 1458 esse
619 1427 701 1458 nullo
725 1428 811 1458 modo
836 1431 936 1469 potest.
970 1428 1024 1458 Est
1048 1439 1119 1458 sanc
1143 1429 1248 1459 aetatis
1269 1430 1362 1459 multo
1387 1431 1564 1469 recentioris,

152 1494 223 1514 nam
248 1484 415 1525 philosophi
440 1484 525 1515 stoici
549 1488 578 1515 et
602 1484 744 1526 platonici
764 1485 854 1526 primi
878 1485 956 1515 hanc
980 1485 1171 1515 venditarunt
1195 1486 1367 1517 doctrinam.

238 1540 327 1572 Stoici
350 1541 397 1572 vel
421 1541 545 1582 physici,
581 1552 650 1572 nam
679 1541 782 1573 Cicero
810 1542 1014 1583 philosophiae
1038 1543 1182 1573 rationem
1210 1554 1310 1573 eorum
1335 1544 1487 1585 physicam
1512 1556 1563 1586 ap-

152 1598 243 1640 pellat
267 1599 420 1640 rationem,
444 1599 513 1630 deos
536 1599 597 1630 fere
620 1606 722 1630 omnes
746 1610 792 1630 res
815 1599 966 1630 naturales
990 1599 1037 1630 vel
1062 1600 1220 1640 qualitates
1248 1601 1408 1641 symbolice
1433 1602 1564 1632 indicare

152 1658 296 1698 putabant
329 1658 385 1698 (cfr
420 1657 480 1688 Cic.
516 1658 554 1688 N.
583 1658 618 1688 D.
649 1658 681 1688 II
705 1659 722 1697 ξ
747 1658 789 1688 63
813 1669 874 1699 sqq.
901 1676 941 1680 —
968 1658 1033 1688 Sen.
1058 1669 1105 1699 qu.
1131 1662 1189 1688 nat.
1215 1658 1255 1695 II,
1280 1659 1330 1689 45.
1358 1678 1396 1681 —
1425 1660 1562 1698 Boissier,

151 1715 215 1746 Rel.
235 1726 306 1746 rom.
331 1716 364 1746 Π
388 1727 415 1757 p.
446 1717 508 1746 126
533 1717 616 1757 sqq.).
663 1715 705 1746 Hi
731 1716 849 1756 quidem
874 1716 964 1747 solem
990 1719 1018 1747 ct
1043 1716 1213 1757 Apollinem
1238 1717 1434 1747 confuderunt
1454 1721 1486 1748 ut
1511 1718 1562 1748 Di-

151 1783 240 1803 anam
264 1776 293 1804 et
313 1773 439 1813 Lunam,
475 1784 546 1804 nam
582 1774 660 1815 apud
696 1773 869 1804 Ciceronem
898 1774 945 1811 (N.
967 1774 1000 1803 D.
1026 1777 1042 1813 ξ
1067 1775 1122 1812 68)
1147 1773 1285 1813 legimus:
1312 1774 1378 1804 Iam
1407 1775 1563 1813 Apollinis

150 1840 256 1860 nomen
277 1833 320 1860 est
340 1841 494 1870 yraeeum,
529 1841 615 1869 quem
646 1831 743 1860 Solem
772 1841 835 1861 esse
863 1832 972 1860 volunt.
1021 1831 1157 1859 Dianam
1186 1834 1285 1860 autem
1310 1834 1337 1860 vt
1362 1832 1465 1862 limam
1492 1844 1562 1862 erm—

150 1888 217 1917 dem
241 1897 304 1917 esse
323 1890 445 1926 putant.

222 2040 250 2074 θ’)
270 2040 366 2065 Eodem
386 2041 460 2066 modo
481 2051 495 2066 a
516 2041 637 2067 Cicerone
658 2041 751 2073 (Somn.
773 2042 840 2075 Scip.
862 2042 907 2074 IV)
931 2042 967 2066 sol
988 2051 1058 2066 mons
1078 2041 1164 2066 mundi
1186 2045 1211 2066 et
1232 2042 1385 2074 temperatio
1406 2041 1512 2070 dicitur,
1532 2046 1561 2066 ut

149 2083 310 2109 subtilitates
338 2085 460 2117 physicae
483 2086 592 2110 rationis
615 2095 738 2117 agnoscas
758 2087 807 2119 (cfr
827 2087 895 2112 Plat.
916 2095 982 2118 resp.
1004 2087 1062 2115 VII,
1082 2087 1134 2111 516
1154 2087 1169 2110 b
1193 2101 1221 2104 ——
1245 2087 1292 2110 Seu
1322 2088 1367 2116 Qu.
1388 2089 1440 2111 nat.
1462 2086 1494 2111 Il.
1514 2086 1561 2118 45)

149 2141 182 2145 —
204 2136 261 2152 nam
282 2129 359 2160 paulo
380 2132 440 2153 alite
460 2129 601 2162 simplicius
621 2129 718 2154 dicitur
738 2130 775 2154 sol
795 2130 849 2155 dux
868 2132 890 2154 et
904 2130 1032 2162 princeps
1049 2132 1071 2154 et
1090 2130 1234 2154 moderatur
1250 2130 1379 2154 luminum
1394 2130 1561 2160 reliquorum.
