1773 2449
158 96 202 126 50
549 89 555 98 ¹
804 104 826 126 s.
842 104 926 126 Linde.

158 187 319 217 ostendunt
342 184 486 224 exempla,
510 182 611 223 qualia
639 186 707 212 sunt
731 183 897 211 nat-ivu-m
922 184 950 210 et
974 183 1105 217 nat-um,
1130 181 1298 217 capt-inum
1323 183 1352 210 et
1375 183 1507 219 captum,
1527 190 1578 210 sa-

158 243 255 273 tivum
276 247 305 274 et
329 246 437 273 satum.

251 300 399 331 Patultius
411 299 440 335 *)
466 308 534 328 vero
558 296 595 327 ad
616 296 763 334 patulum
788 295 949 336 (apertum)
978 294 1111 335 proxime
1140 293 1241 325 referri
1271 298 1372 335 potest,
1396 293 1578 340 substantivi

159 357 287 389 sormam
315 356 465 395 *patultia
497 353 654 394 (oppning)
688 352 838 392 flagitans,
875 356 907 382 ut
942 350 1122 381 Prudentius
1145 350 1301 391 (prudens)
1325 350 1363 380 ad
1387 350 1577 391 prudentiam

160 419 205 447 est
233 413 429 446 revocandum
466 416 495 443 et
531 410 724 442 Constantius
760 409 798 440 ad
834 408 1030 441 constantiam
1066 407 1123 447 (cfr
1158 407 1273 449 ΗΘΜ-γ,
1297 418 1421 449 gramm.
1441 407 1578 449 comp.§
1625 420 1628 424 ⁴

166 473 237 511 151,
264 472 280 501 7
286 479 304 508 >-

254 527 364 559 Eodem
389 525 475 557 modo
500 535 636 556 serenum
662 524 776 554 caelum
803 523 903 554 Iovem
929 523 1038 554 laetum
1063 521 1248 563 hilaremque
1268 522 1399 553 indicare
1424 526 1578 563 poetarum

161 586 337 617 testimoniis
361 584 562 622 confirmatur,
587 587 620 613 ut
644 582 691 612 his
716 582 796 612 Enni
822 582 957 613 versibus
982 581 1035 618 (cfr
1059 581 1123 611 Sen.
1149 581 1186 611 ad
1212 581 1281 611 Am.
1308 581 1330 619 I,
1357 580 1443 617 0254):

464 652 607 690 Iuppiter
630 652 678 680 ln'c
703 652 774 680 risit
800 653 1046 688 tempestatesque
1069 659 1193 679 serenae

463 708 614 739 Riserunt
637 718 739 738 omnes
760 709 828 737 risu
856 707 938 738 Iovis
961 707 1180 745 omnipotentis.

163 785 191 811 et
216 781 261 810 his
287 779 402 819 Vergili
425 780 511 815 (Aen.
538 778 562 817 Ι7
589 777 677 814 254):

464 848 527 879 Olli
551 848 714 879 subridens
738 848 893 878 homimem
919 850 1003 877 sator
1027 850 1115 886 atque
1138 847 1261 877 deorum

462 908 551 945 voltu,
576 917 632 945 quo
656 907 773 936 caelum
799 909 1048 944 tempestatesque
1072 908 1199 935 sere-nat.

163 978 219 1017 (cfr
242 977 363 1017 Preller,
388 976 423 1007 R.
450 976 490 1007 M.
505 974 515 988 ³
537 988 563 1018 p.
593 977 676 1014 190).

252 1035 359 1065 Ianum
385 1035 478 1075 igitur
502 1034 666 1065 Patultium
692 1038 720 1064 et
745 1034 880 1064 Clusium
908 1033 952 1062 vel
978 1033 1144 1063 Clusivium
1169 1033 1246 1062 idem
1270 1037 1358 1073 atque
1384 1036 1531 1074 patentem
1549 1036 1579 1063 et

164 1092 295 1122 clausum
331 1091 446 1122 caelum
479 1102 498 1122 a
534 1091 679 1133 principio
715 1090 897 1130 significasse
935 1090 989 1119 hae
1018 1090 1155 1130 proxima
1184 1090 1379 1131 disputatione
1404 1090 1580 1120 confirmare

164 1155 284 1180 conatus
308 1160 381 1180 sum.

254 1206 317 1243 Quo
342 1217 479 1238 concesso
504 1207 559 1237 hoc
583 1207 701 1247 quidem
727 1207 947 1236 firmamentum
973 1206 1009 1236 iis
1033 1205 1167 1246 eripitur,
1191 1205 1240 1246 qui
1266 1205 1372 1236 Ianum
1396 1205 1580 1246 cognomini-

164 1264 217 1294 bus
242 1263 300 1295 illis
325 1264 412 1294 deum
438 1264 595 1294 ianuarum
620 1264 745 1294 indicari
771 1267 913 1302 statuunt,
937 1263 1046 1304 quippe
1071 1273 1138 1292 cum
1163 1262 1239 1293 falsa
1259 1263 1500 1304 interpretatione
1517 1262 1581 1294 sola

165 1321 236 1351 haec
261 1322 408 1352 sententia
432 1321 506 1351 nixa
530 1322 575 1352 sit.
624 1321 680 1351 Sed
706 1321 763 1351 iam
790 1331 841 1362 per
865 1332 895 1351 se
919 1325 1042 1361 apparet
1066 1320 1124 1350 duo
1150 1320 1248 1359 verba,
1277 1320 1377 1360 qualia
1397 1325 1467 1351 sunt
1487 1321 1581 1352 Ianus

163 1382 191 1407 et
216 1378 307 1407 ianua
330 1388 464 1418 quaeque
489 1371 616 1408 eundem
639 1388 743 1408 sonum
770 1377 909 1416 referunt,
934 1366 1081 1417 copiosam
1108 1377 1302 1417 comparandi
1327 1381 1355 1407 et
1378 1378 1579 1408 confundendi

164 1434 318 1465 materiam
353 1434 523 1465 hominibus
551 1434 825 1475 antiquissimorum
851 1439 1017 1475 temporum
1042 1433 1073 1464 in
1098 1433 1207 1464 fabulis
1231 1433 1378 1474 fingendis
1403 1424 1579 1476 praebuisse.

166 1493 265 1532 Atque
290 1492 397 1522 Ianum
422 1493 460 1523 ob
484 1493 579 1533 ipsam
604 1502 742 1523 sonorum
767 1492 993 1522 similitudinem
1019 1492 1106 1522 deum
1128 1492 1286 1522 ianuarum
1307 1502 1370 1522 esse
1386 1494 1578 1523 constitutum

166 1549 217 1579 vix
242 1549 370 1579 dubitari
398 1553 501 1590 potest,
515 1560 617 1589 ‚neque
641 1549 734 1579 multo
758 1549 845 1579 aliter
869 1549 978 1579 sentire
1002 1549 1173 1579 Macrobius
1197 1548 1271 1588 (Sat.
1298 1549 1321 1588 I,
1346 1550 1375 1588 9,
1401 1550 1432 1588 7)
1457 1550 1582 1590 videtur,

164 1617 230 1637 cum
255 1606 344 1637 dicat:
370 1607 442 1637 ”Sed
466 1607 545 1649 apud
569 1618 622 1638 nos
648 1607 754 1637 Ianum
779 1607 916 1638 omnibus
942 1617 1075 1648 praeesse
1100 1606 1198 1637 ianuis
1223 1598 1331 1637 nomen
1348 1607 1484 1647 ostendit,
1501 1608 1579 1649 quod

165 1671 208 1695 est
243 1664 339 1695 simile
375 1665 514 1705 Θυραίῳ.
564 1664 641 1695 Nam
674 1665 725 1695 vix
760 1665 822 1695 fieri
851 1665 955 1706 potuit,
979 1665 1052 1705 quin
1077 1664 1184 1695 Ianum
1209 1669 1238 1694 et
1263 1664 1364 1695 ianum
1389 1665 1436 1695 vel
1461 1665 1581 1696 ianuam

166 1722 333 1753 conferrent
370 1726 399 1753 et
435 1722 651 1754 confunderent
687 1723 812 1764 antiqui,
848 1733 915 1753 cum
935 1722 1081 1763 originem
1106 1726 1135 1753 et
1160 1722 1220 1753 vim
1241 1721 1345 1753 horum
1371 1723 1581 1755 vocabulorum

168 1779 393 1809 considerarent.
441 1780 488 1809 Ac
512 1790 579 1810 cum
604 1780 640 1810 de
665 1781 840 1820 cognatione
865 1780 1019 1810 nominum
1045 1790 1104 1810 non
1125 1780 1303 1828 dubitarent,
1323 1780 1385 1811 fieri
1402 1791 1462 1811 non
1480 1782 1583 1822 potuit,

167 1836 323 1875 quominus
359 1836 441 1876 deus⁷
468 1836 553 1868 cuius
582 1847 689 1868 nomen
715 1838 835 1868 ianuam
860 1837 1053 1877 significaret,
1079 1837 1238 1868 ianuarum
1262 1841 1337 1868 esset
1361 1838 1439 1869 deus.
1486 1837 1586 1869 Immo

167 1892 256 1923 etiam
281 1897 376 1924 custos
401 1898 552 1935 portarum
577 1895 625 1925 vel
649 1895 806 1926 ianuarum
831 1899 874 1926 cst
899 1895 1017 1926 habitus
1042 1895 1185 1935 (Macrob.
1213 1894 1272 1925 Sat.
1297 1894 1320 1934 I,
1346 1896 1374 1935 9,
1401 1896 1418 1926 7
1443 1915 1483 1919 —
1506 1897 1583 1928 Aen.

243 2006 268 2039 *)
289 2006 355 2031 Haec
383 2008 465 2032 forma
492 2008 623 2033 codicibus
643 2009 734 2033 melius
755 2008 905 2033 confirmata
929 2009 1032 2034 videtur
1061 2018 1138 2041 quam
1158 2009 1242 2033 altera
1262 2008 1425 2042 (Patulcius).
1464 2009 1529 2033 Nam
1549 2010 1583 2034 ad

169 2049 215 2074 Ov.
239 2049 310 2074 Fast.
340 2051 359 2079 l,
387 2051 438 2075 129
466 2052 540 2077 codd.
560 2052 607 2076 DE
628 2052 669 2076 Kb
690 2053 821 2077 Patullius
841 2052 938 2077 habent
951 2053 985 2083 sr
1005 2062 1065 2078 vero
1083 2053 1207 2085 palatius
1228 2066 1252 2070 -
1273 2052 1315 2076 sed
1336 2054 1583 2079 commemorandum

169 2095 207 2117 est
238 2095 246 2117 t
276 2097 301 2116 et
331 2102 343 2117 c
372 2103 446 2126 saepe
476 2094 502 2118 in
526 2095 601 2119 libris
631 2096 792 2124 commutari,
812 2104 835 2121 e.
856 2104 894 2127 gr.
916 2095 942 2120 in
962 2096 1076 2121 Macrob.
1098 2096 1152 2121 Sat.
1174 2096 1194 2124 Ι,
1214 2096 1239 2125 9,
1261 2096 1302 2125 16,
1322 2097 1366 2121 ubi
1387 2098 1433 2121 cod
1462 2099 1483 2122 A
1503 2098 1584 2123 habet

168 2135 276 2159 formam
293 2138 440 2167 pacultium
460 2138 477 2162 i.
497 2146 519 2161 e.
537 2139 689 2170 patullium.
