1773 2449
159 48 200 78 52
802 62 824 84 S.
840 63 922 84 Linde.

158 150 223 169 rum
248 139 320 170 deus
344 142 528 175 statueretur,
548 138 625 178 quod
650 138 769 178 quidem
808 139 867 169 iam
903 149 991 180 supra
1027 139 1330 186 commemoravimus.
1377 140 1434 170 Sed
1459 151 1495 170 ne
1520 140 1575 170 hoc

157 195 277 237 quidem
304 206 403 227 verum
426 199 479 234 est⁷
504 205 573 225 nam
599 195 636 225 ob
662 195 861 236 principatum
887 196 932 227 dei
959 196 1034 227 male
1059 195 1241 226 intellectum
1268 196 1308 226 ita
1332 200 1506 228 statuerunt.

252 254 376 285 Romani
402 253 480 284 enim
507 264 566 284 non
592 254 733 284 maiorem
759 254 845 288 initio
870 255 1036 285 tribuerunt
1061 254 1120 285 vim
1145 265 1235 295 quam
1252 254 1328 285 aliae
1344 247 1455 295 gentes,
1471 266 1576 296 quam-

157 323 247 353 quam
274 313 327 343 hoe
351 312 452 341 Cicero
478 311 528 345 (N.
554 311 588 340 D.
618 311 658 342 ΙΙ.
689 312 744 350 ⁶27)
772 312 897 352 probare
933 313 1038 351 studet,
1073 312 1123 342 sed
1160 312 1224 342 ideo
1260 312 1472 351 tantummodo⁷
1497 313 1575 352 quod

161 370 356 410 principatum
383 368 448 398 Iani
474 368 561 398 aliter
585 368 735 409 explicare
752 363 819 399 'non
845 369 949 410 potuit.
996 369 1152 399 Praeterea
1176 379 1213 399 ne
1238 368 1367 399 Romani
1384 369 1502 409 quidem
1520 369 1575 400 hoc

160 427 347 467 proverbium
374 425 459 466 primi
486 425 677 456 invenerunt:
703 425 868 456 Dimidium
899 426 969 457 facti
998 427 1047 467 qui
1072 426 1167 467 coepit
1192 425 1281 456 habet
1306 425 1392 464 (Hor.
1418 425 1471 467 Ep.
1498 426 1520 463 Ι,
1547 427 1575 465 2,

161 484 226 517 40).
274 483 327 513 Sed
352 494 367 512 e
392 493 498 522 graeco
523 483 603 513 fonte
627 483 774 513 sententia
799 483 898 513 fluxit:
923 484 1007 524 ἀρχὴ
1030 484 1067 515 ὁὲ
1091 493 1140 514 τοι
1162 484 1254 522 ἥμισυ
1277 485 1402 523 παντὸς
1420 483 1498 524 apud
1516 483 1575 513 Lu-

160 541 279 570 cianum
307 529 413 579 legitur
437 539 586 578 (Hermot.
614 551 636 570 e.
664 541 703 578 3),
727 539 811 570 euius
827 542 963 581 proverbi
982 546 1128 571 auctorem
1154 540 1356 580 Pythagoram
1383 541 1471 571 fuisse
1497 541 1575 571 Iam-

161 597 275 626 blichus
299 602 396 626 censet
421 597 478 635 (cfr
503 597 578 627 Plat.
605 597 677 637 Rep.
707 597 736 626 H
761 607 784 626 e.
812 597 843 626 7:
869 597 953 637 ἀρχὴ
977 600 1100 638 παντὸς
1122 598 1220 635 ἔργου
1234 599 1390 634 μέγιστον
1406 602 1434 626 ct
1454 598 1574 627 Aristot.

160 654 216 683 eth.
244 654 305 683 Nic.
333 653 353 691 1,
381 654 398 683 7
425 656 441 693 ς’
471 654 554 684 1098
581 655 609 684 b:
635 654 727 686 δοκεῖ
745 654 812 692 γὰρ
836 656 952 685 πλεῖον
977 656 995 694 ἢ
1019 655 1110 694 ἥμισυ
1134 655 1257 693 παντὸς
1280 654 1360 684 εἶναι
1382 655 1400 694 ἡ
1424 654 1530 695 ἀρχὴ).

251 713 324 741 (fum
350 711 481 742 Roseher
505 712 590 750 (Lex.
616 711 712 752 Myth.
739 723 764 753 p.
791 713 846 750 ⁹29)
873 712 937 742 Iani
964 712 1198 752 magnitudinem
1224 715 1252 741 et
1272 711 1412 742 honorem
1431 712 1574 751 divinum,

160 780 336 810 quamquam
363 770 401 799 ab
424 769 539 809 origine
564 769 637 799 adeo
662 769 713 799 vili
740 780 802 800 esse
828 769 990 810 profectum
1013 774 1120 807 censet,
1138 770 1258 799 Vestam
1277 769 1307 799 in
1325 770 1574 810 comparutionem

161 827 291 857 vocando
327 827 483 857 defendere
520 827 557 857 sit
594 832 725 863 conatus,
760 827 847 867 piane
873 827 946 856 falso
971 827 1040 866 egit.
1089 827 1166 857 Nam
1193 832 1223 856 ut
1248 827 1337 857 Ianus
1362 828 1399 857 ab
1424 827 1513 857 ianua
1538 827 1573 857 ad

161 884 298 914 honorem
335 884 442 914 summi
480 884 526 914 dei
561 895 592 914 se
628 894 769 924 umquam
798 883 940 914 extollere
970 884 1098 925 potuisse
1128 895 1164 914 ne
1188 884 1310 924 cogitari
1336 884 1453 924 quidem
1480 884 1574 921 debet,

161 942 199 971 ita
226 942 364 972 honorem
390 953 477 972 suum
503 953 519 972 a
545 942 616 981 foco,
646 942 694 971 ubi
729 945 897 972 servaretur
922 941 1008 981 ignis,
1034 942 1128 972 Vesta
1154 952 1314 982 numquam
1339 942 1461 983 aceepit,
1485 942 1534 972 sed
1560 953 1575 972 e

160 999 307 1029 cmitrario
332 999 412 1029 focus
437 1010 454 1029 a
480 999 580 1029 Vesta.
629 999 751 1029 Vestam
779 1010 848 1029 vcro
873 999 1070 1039 metonymice
1097 1010 1150 1039 pro
1176 999 1238 1029 foco
1264 999 1330 1039 poni
1360 999 1496 1040 potuisse,
1520 999 1575 1029 hoo

161 1056 234 1086 nihil
271 1057 306 1086 ad
346 1068 406 1087 rem
435 1057 675 1088 commutandam
699 1057 785 1087 valet*
833 1057 925 1087 Vesta
950 1057 1004 1087 (lea
1029 1063 1092 1087 erat
1118 1057 1196 1096 ignis
1210 1057 1245 1094 *).
1294 1056 1371 1087 Hinc
1396 1056 1490 1087 honor
1513 1057 1576 1087 eius

160 1118 202 1144 est
239 1114 397 1145 ducendus.
449 1114 618 1156 Respondet
654 1115 734 1145 enim
760 1115 853 1145 Vesta
878 1114 931 1145 dea
957 1114 1011 1144 deo
1037 1114 1188 1152 Indorum,
1213 1114 1264 1154 qui
1289 1118 1331 1145 est
1357 1115 1447 1154 Agni,
1469 1114 1575 1144 carmi-

161 1171 246 1202 nibus
284 1172 392 1202 vedicis
418 1172 572 1213 permultis
594 1172 749 1209 celebrato,
775 1177 802 1202 ct
828 1172 977 1203 slavorum
1002 1172 1064 1211 deo⁷
1092 1172 1142 1212 qui
1169 1176 1231 1202 erat
1256 1172 1362 1210 Qqunu
1387 1172 1443 1212 (cfr
1468 1172 1574 1202 librum

160 1239 256 1258 meum
294 1229 462 1269 Indogerm.
499 1230 527 1260 hy
564 1241 590 1270 g.
629 1241 653 1271 p.
691 1230 756 1269 9⁵2),
793 1241 829 1260 ne
858 1230 893 1260 de
918 1230 1075 1260 Persarum
1097 1229 1179 1259 cultu
1205 1229 1319 1269 ignium
1344 1240 1575 1260 commemorem.

162 1285 282 1315 Vestam
317 1286 409 1325 igitur
445 1287 581 1327 primitus
610 1287 693 1316 deam
724 1288 802 1326 ignis
827 1287 960 1317 caelestis
985 1287 1074 1317 etiam
1101 1286 1190 1316 fuisse
1215 1286 1309 1324 credo,
1334 1287 1411 1316 unde
1435 1287 1575 1316 honorem

162 1342 290 1382 primum
316 1343 369 1373 dea
396 1344 543 1374 terrestris
569 1344 647 1383 ignis
671 1344 811 1383 servavit,
835 1355 922 1385 quem
949 1354 1007 1373 non
1034 1343 1129 1384 primo
1154 1354 1169 1373 e
1194 1343 1267 1382 foco,
1292 1343 1369 1383 ignis
1395 1343 1576 1384 receptaculo

162 1399 223 1435 vili,
248 1400 340 1429 duxit.

247 1456 317 1486 Alia
354 1468 423 1487 vero
452 1468 506 1496 res,
530 1468 606 1498 quae
628 1458 741 1487 muneri
772 1458 838 1488 iani
861 1458 994 1488 ianitoris
1018 1458 1139 1498 eiusque
1159 1468 1226 1487 oum
1252 1457 1340 1487 ianua
1373 1457 1576 1488 cohaerentiae

161 1518 305 1555 repugnat
338 1514 411 1545 haec
436 1518 488 1554 est,
512 1515 589 1555 quod
621 1515 756 1556 publicus
792 1516 854 1545 eius
891 1516 986 1546 cultus
1011 1515 1162 1555 antiquior
1188 1515 1232 1545 vel
1259 1515 1379 1555 gravior
1403 1520 1465 1545 erat
1488 1526 1577 1555 quam

161 1571 301 1611 privatus,
325 1572 375 1612 qui
403 1572 502 1601 nullus
527 1572 587 1602 fere
611 1572 701 1602 fuisse
731 1572 847 1602 videtur
877 1573 933 1606 (cfr
957 1573 1089 1603 Roscher
1114 1572 1185 1602 Lex.
1211 1571 1307 1612 Myth.
1334 1583 1358 1612 p.
1386 1572 1449 1609 32).
1497 1572 1577 1607 Quae

160 1634 256 1659 autem
284 1640 328 1659 res
354 1628 442 1670 plane
467 1632 569 1659 eontra
606 1640 635 1659 se
673 1629 831 1662 habuisset,
868 1630 890 1660 si
930 1630 1085 1660 ianuarum
1114 1630 1185 1660 deus
1214 1630 1252 1659 ab
1280 1629 1365 1659 initio
1390 1629 1480 1660 Ianus
1504 1634 1578 1660 esset

162 1687 287 1716 habitus.
335 1687 457 1716 Cultum
490 1693 587 1717 autem
627 1687 778 1727 publicum
817 1688 882 1717 Iani
919 1699 934 1717 e
963 1688 1087 1728 privato,
1114 1687 1164 1727 qui
1194 1691 1382 1726 antegressus
1409 1691 1492 1723 esset,
1516 1698 1577 1717 esse

163 1744 324 1784 profertum
349 1747 378 1774 et
403 1754 440 1774 ex
465 1743 582 1784 privato
612 1743 673 1774 solo
709 1744 790 1774 cultu
827 1744 937 1775 cultum
976 1744 1126 1786 publicum
1164 1754 1246 1785 posse
1273 1743 1416 1784 explicari
1443 1754 1577 1785 perverse

163 1801 265 1832 saltem
291 1803 393 1832 statuit
420 1801 552 1832 Roscher
577 1801 604 1839 (i.
630 1806 673 1839 (κ).
724 1804 879 1833 Summum
904 1803 982 1833 enim
1008 1803 1104 1842 deum,
1130 1806 1161 1832 ut
1177 1802 1226 1843 qui
1252 1802 1325 1832 deus
1350 1806 1424 1832 esset
1449 1802 1577 1841 deorum,

162 1857 221 1887 iam
242 1869 258 1886 a
285 1858 430 1898 principio
455 1857 571 1898 publice
596 1858 650 1887 coli
677 1862 705 1888 et
723 1859 856 1888 venerari
894 1863 1027 1899 oportere
1063 1863 1292 1889 consentaneum
1318 1862 1361 1888 est
1385 1859 1441 1897 (cfr
1465 1859 1578 1889 Preller

164 1933 204 1936 —
231 1913 341 1944 Jordan
369 1914 403 1944 R.
428 1914 468 1944 M.
494 1926 520 1956 p.
551 1914 631 1951 1021).
679 1913 823 1951 Quocirca
847 1915 971 1945 candem
991 1915 1080 1946 fuisse
1098 1916 1241 1946 rationem
1256 1914 1454 1945 venerationis
1469 1915 1577 1946 Vestae

236 2059 262 2090 11Γ)
285 2059 334 2083 Nec
346 2059 422 2083 aliter
434 2060 531 2084 censuit
553 2061 657 2085 Servius
669 2061 701 2084 ad
723 2062 777 2085 Aen
799 2062 817 2090 Ι,
838 2062 889 2085 292
913 2062 1016 2086 Vestam
1037 2071 1096 2086 vero
1118 2062 1279 2093 religionem:
1301 2060 1362 2093 quia
1383 2061 1479 2085 nullum
1500 2061 1578 2085 sacri-

162 2102 247 2126 ficium
269 2102 323 2125 sine
344 2102 402 2133 igue
422 2106 469 2131 est,
489 2104 527 2127 cfr
548 2104 671 2131 Preuner,
693 2105 782 2128 Hestia
809 2119 829 2122 —
859 2105 933 2129 Vesta
956 2114 980 2136 p.
1009 2105 1063 2137 31).
