1773 2449
1526 79 1563 109 31

627 96 662 117 De
678 96 739 117 Iano
754 102 848 118 summo
863 95 1028 118 Romanorum
1044 96 1094 116 deo⁴

1071 131 1075 142 Ι

206 194 210 196 -
234 158 298 205 ‘Ad
321 173 440 204 tertium
465 172 585 203 schema
609 171 719 203 Haveti
739 154 771 211 (l.
795 181 818 201 c.
843 182 870 212 p.
899 170 977 210 251)
1012 180 1130 201 versum
1166 170 1275 211 redegi,
1298 181 1385 212 quem
1410 170 1452 201 ita
1475 169 1567 200 inter-

157 230 267 272 pretari
300 230 380 260 licet:
416 230 541 260 deorum
578 228 691 259 Ianum
718 231 840 265 patrem
865 228 939 267 [aut
962 228 1079 257 caelum
1099 228 1145 257 vel
1172 228 1261 257 deum
1290 227 1402 257 Ianum
1426 229 1567 267 patrem]

156 289 264 319 canite.

248 329 355 376 lahem
369 346 401 384 ²⁸¹)
426 345 563 386 proposui
585 348 614 375 et
638 348 756 386 propter
780 344 914 375 codicum
937 343 1092 374 lectionem
1118 353 1163 373 em
1182 346 1216 376 ,et
1233 346 1352 384 propter
1367 343 1564 374 testimonium

156 402 335 433 Tertulliani
360 402 459 443 (Apol.
488 402 549 441 10),
573 402 623 443 qui
649 402 744 433 Salios
768 389 871 432 Ianeni
896 400 1007 431 dixisse
1031 400 1196 431 confirmat:
1224 419 1263 422 —-
1290 403 1429 437 exceptus
1453 411 1472 430 a
1491 400 1566 430 Iano

155 461 201 491 vel
226 460 311 501 Iane,
336 464 369 491 ut
394 458 476 491 Salii
495 461 606 501 volunt,
635 471 704 491 nam
728 460 807 501 quod
831 459 957 491 Corssen
981 459 1083 498 (Beitr.
1108 469 1161 489 zur
1184 458 1328 500 Sprachk.
1354 469 1379 500 p.
1407 458 1471 489 352
1488 462 1566 495 ann.)

155 519 337 549 contradixit
361 518 449 549 nihili
473 529 535 549 esse
556 522 634 560 puto,
659 529 726 549 cum
752 518 924 559 praesertim
949 517 1043 548 forma
1067 517 1120 547 illa
1145 516 1234 547 lanis
1259 517 1353 547 forma
1377 520 1468 556 tusca,
1492 527 1567 557 quae

156 579 200 607 est
223 575 289 606 Am‘
313 576 449 616 (Deecke⁷
474 576 537 607 Etr.
561 576 681 607 Forsch.
706 576 761 616 IV,
784 576 839 615 25)
863 575 952 606 etiam
977 575 1159 606 defendatur.

246 633 368 665 Patrem
393 635 453 665 iam
478 635 509 665 in
533 635 665 665 carmine
689 634 836 665 Saliorum
860 634 967 664 Ianum
980 644 1041 665 esse
1054 633 1235 675 appellatum
1254 633 1340 664 valde
1356 637 1400 664 est
1416 634 1566 673 credibile,

154 702 224 722 nam
249 702 413 732 cognomen
437 692 512 723 illud
534 696 623 731 pater
643 703 695 734 per
718 703 819 723 omnes
844 692 904 722 fere
928 695 1039 722 aetates
1063 691 1150 721 latini
1175 691 1318 722 sermonis
1338 691 1374 721 dc
1398 691 1472 722 Iano
1488 695 1518 722 et
1534 692 1564 722 in

154 749 270 790 poetica
293 753 322 780 et
342 750 373 780 in
397 760 484 791 prosa
507 750 640 781 oratione
675 750 816 791 repetitur
851 749 934 787 (Hor.
964 749 1023 779 Sat.
1048 748 1089 788 II,
1115 749 1143 788 6,
1170 748 1212 778 20
1237 759 1278 789 sq.
1303 748 1357 790 Ep.
1383 748 1407 788 Ι,
1435 749 1483 788 16,
1509 750 1564 788 59;

153 807 244 847 Verg.
261 808 336 838 Aen.
350 808 438 847 VIII,
465 809 541 848 3573
570 808 703 839 Iuvenal.
728 808 787 838 Sat.
813 807 867 847 VI,
894 807 972 846 3933
997 806 1101 837 Caton.
1128 807 1163 836 de
1188 817 1219 837 re
1243 810 1313 837 rust.
1343 806 1416 846 1343
1441 806 1564 837 Tertull.

153 864 222 895 Nat.
256 864 296 904 II,
335 865 387 905 153
423 866 535 896 Arnob.
567 866 625 905 ΙΙΙ,
655 865 705 896 29.
735 883 773 887 ——
799 865 831 895 C.
852 864 875 895 1.
900 864 933 895 L.
958 864 1015 904 III⁷
1042 864 1139 904 2881,
1165 865 1265 904 3030;
1289 864 1365 895 Gell.
1391 865 1454 895 Att.
1479 864 1563 895 Noct.

153 922 191 962 V,
219 922 271 953 12:
295 922 493 964 Ianuspater).

243 980 343 1022 Atque
367 981 422 1012 hoc
442 992 558 1023 quoque
594 981 769 1022 cognomine
804 981 895 1012 Ianus
923 981 1147 1022 antiquissimus
1171 980 1260 1011 fuisse
1285 980 1356 1011 deus
1384 981 1563 1021 perhibetur.

152 1038 231 1069 Nam
255 1042 288 1069 ut
312 1039 534 1080 antiquissimae
554 1040 709 1070 hominum
740 1039 887 1070 societatis
919 1042 1008 1080 caput
1035 1042 1098 1069 erat
1122 1042 1213 1076 pater
1237 1039 1284 1069 vel
1308 1039 1564 1076 paterfamilias

143 1100 211 1127 ‘non
235 1107 297 1137 rex,
321 1097 364 1127 ita
383 1097 471 1128 etiam
496 1100 636 1137 regnator
660 1097 779 1128 deorum
804 1107 823 1127 a
847 1096 993 1138 principio
1017 1099 1102 1138 pater
1122 1096 1289 1138 appellatus
1313 1099 1365 1136 cst,
1389 1100 1421 1126 ut
1445 1097 1494 1137 qui
1513 1107 1564 1138 pa-

151 1153 349 1184 triarcharum
363 1165 443 1185 more
456 1165 580 1194 regnare
593 1155 768 1185 crederetur.
797 1155 879 1185 Sicut
898 1155 929 1185 in
954 1154 1075 1195 hymnis
1103 1154 1214 1185 vedicis
1234 1154 1306 1185 deus
1330 1155 1562 1195 antiquissimus,

150 1211 201 1252 qui
214 1214 257 1242 est
269 1211 388 1251 Dymas,
405 1211 641 1253 frequentissime
650 1213 720 1251 pita
730 1212 747 1242 i.
761 1223 784 1242 e.
798 1215 882 1253 pater
895 1212 1067 1244 nominatur
1075 1212 1129 1249 (cfr
1147 1212 1275 1251 Bradke,
1287 1212 1391 1252 Dyaus
1412 1212 1512 1243 Asura
1536 1223 1562 1253 p.

155 1269 216 1309 14),
240 1269 310 1300 dum
334 1269 459 1300 Varuna
482 1274 512 1301 et
540 1270 592 1301 alii
620 1270 667 1300 dei
695 1270 796 1311 magni
834 1269 1002 1311 posterioris
1026 1270 1131 1300 aetatis
1156 1280 1239 1308 reyes
1264 1274 1407 1300 vocantur
1430 1269 1563 1307 (Bradke

150 1326 167 1356 l.
192 1337 216 1357 c.
240 1338 267 1368 p.
296 1327 357 1365 13).
404 1327 550 1364 Quocirca
574 1338 634 1358 non
658 1331 701 1359 est
729 1328 837 1358 mirum
863 1326 965 1358 Iovem
993 1328 1081 1358 etiam
1107 1328 1186 1369 apud
1211 1328 1360 1359 Romanos
1386 1339 1484 1368 regem
1508 1328 1563 1359 im-

150 1383 254 1424 primis
278 1383 431 1425 appellari.
478 1385 528 1415 Ab
548 1384 647 1416 Ennio
670 1385 750 1416 enim
776 1385 865 1425 (179)
897 1384 1031 1426 Iuppiter
1059 1386 1216 1423 divomque
1246 1386 1453 1424 hominemque
1472 1389 1564 1423 pater

150 1452 205 1472 νεα)
229 1441 329 1482 (Varr.
354 1442 372 1473 l.
397 1442 414 1473 l.
436 1443 474 1483 V,
496 1443 551 1483 65)
576 1443 692 1483 dicitur,
712 1454 782 1474 nam
802 1443 936 1485 Iuppiter
956 1454 1009 1474 rex
1033 1443 1164 1474 omnium
1186 1444 1382 1475 communiter
1398 1444 1563 1476 habebatur

150 1502 223 1530 teste
248 1500 419 1539 Augustino
444 1504 476 1538 (ο.
502 1501 527 1531 d.
552 1500 624 1540 VII,
653 1501 711 1541 11),
747 1504 780 1531 ut
816 1501 867 1542 qui
903 1502 1085 1542 temporibus
1119 1501 1179 1532 illis
1216 1502 1415 1543 principatum
1441 1503 1561 1533 deorum

150 1557 318 1599 susciperet,
353 1558 460 1599 quibus
495 1558 624 1590 civitatis
659 1559 871 1599 gubernatores
895 1570 978 1599 reges
1006 1559 1096 1600 vulgo
1124 1559 1269 1601 appellari
1293 1559 1434 1591 solebant.
1482 1560 1561 1591 Nam

149 1618 236 1654 recte,
256 1615 352 1654 credo,
376 1616 480 1646 statuit
504 1615 670 1647 Mommsen
699 1616 796 1656 (Rom.
819 1616 926 1648 Gesch.
942 1615 950 1629 ⁷
976 1616 1000 1657 I,
1028 1618 1110 1656 167),
1135 1617 1199 1648 Iovi
1224 1605 1285 1648 tuffi
1311 1618 1428 1648 demum
1454 1619 1563 1660 princi-

149 1675 251 1714 patum
275 1664 353 1704 i1iter
380 1673 448 1704 deos
476 1684 538 1705 esse
574 1674 684 1714 datum,
721 1685 788 1705 cum
813 1674 994 1716 Capitolium
1008 1675 1053 1713 **)
1077 1685 1132 1704 arx
1149 1675 1249 1716 oppidi
1266 1679 1342 1706 esset
1366 1676 1485 1715 factum,
1510 1677 1559 1707 ubi

148 1799 283 1823 annotatio
304 1799 375 1823 Festi
395 1808 420 1831 p.
441 1800 503 1830 205,
523 1809 573 1832 qua
593 1801 724 1824 docemur:
741 1801 782 1824 -Pa
798 1809 849 1831 pro
865 1803 943 1831 patre
971 1802 1055 1832 (codd.
1073 1804 1161 1832 pat-le)
1180 1806 1202 1826 et
1218 1810 1253 1833 po
1268 1811 1318 1833 pro
1334 1805 1499 1833 polissimum
1516 1813 1561 1835 po-

147 1835 226 1867 'situm
245 1844 281 1867 est
301 1844 329 1867 in
350 1842 452 1868 Saliari
471 1845 596 1874 carmine3
625 1844 692 1869 unde
723 1844 845 1869 concludo
874 1845 990 1874 formam,
1010 1854 1075 1877 quae
1095 1848 1134 1870 est
1150 1848 1262 1876 patrem,
1282 1847 1482 1878 momsyllabam
1503 1856 1561 1880 pro-

148 1885 264 1909 nuntiari
283 1886 406 1917 potuisse,
425 1889 454 1910 ut
470 1889 548 1917 pater
568 1888 637 1919 apud
657 1888 779 1912 Plautum
799 1897 875 1921 saepe
894 1889 1097 1920 monosyllabum
1118 1893 1165 1914 est.
1205 1891 1283 1914 Immo
1303 1899 1363 1914 vero
1384 1891 1462 1915 etiam
1482 1892 1508 1915 in
1522 1892 1559 1916 in-

147 1928 331 1961 scriptionibus
360 1929 442 1953 forma
457 1932 522 1960 patr
541 1930 673 1954 invenitur
694 1931 732 1955 ¹C.
753 1932 772 1956 Ι.
793 1932 822 1956 L.
844 1932 864 1961 Ι,
886 1932 937 1957 130
960 1946 983 1949 -
1005 1933 1043 1956 cfr
1062 1933 1182 1963 Diespitr
1201 1933 1236 1957 ib.
1259 1933 1332 1957 1500
1354 1949 1384 1952 —
1406 1934 1458 1959 vid.
1480 1935 1560 1963 Stolz,

147 1972 193 1998 lat.
215 1981 322 2004 gramm.
335 1972 344 1986 ²
364 1981 391 2005 p.
402 1973 463 2002 322,
483 1976 509 1997 et
529 1973 560 1998 de
579 1974 636 2007 ipsa
656 1983 774 1999 sonorum
794 1975 922 2008 qualitate
942 1976 1028 2000 confer
1048 1976 1159 2005 Sievers,
1179 1976 1259 2002 Phon.
1272 1977 1281 1990 ²
1302 1986 1327 2009 p.
1348 1977 1382 2001 29
1402 1977 1460 2010 sq)

219 2016 248 2049 ἰ*)
267 2016 365 2041 Eadem
385 2017 470 2041 suffixi
485 2017 637 2043 vicissitudo
649 2019 763 2043 cernitur
782 2019 810 2044 in
829 2028 899 2049 voce,
920 2029 984 2052 quae
1004 2023 1043 2044 est
1063 2028 1158 2045 munus
1177 2021 1267 2050 bonus,
1287 2021 1442 2054 comparatis
1462 2022 1560 2053 formis,

147 2059 236 2090 quales
249 2062 308 2084 sunt
327 2067 403 2084 manc
423 2060 545 2092 (proprior
565 2061 574 2085 i
593 2061 644 2093 god
663 2061 723 2095 tid),
741 2070 833 2087 manes
852 2063 937 2096 (divi),
957 2064 1081 2088 immanis
1103 2079 1132 2082 --
1155 2064 1194 2088 cfr
1214 2064 1329 2090 Macrob.
1351 2065 1404 2089 Sat.
1427 2065 1446 2094 Ι,
1467 2065 1492 2094 3,
1514 2066 1558 2091 13:

147 2108 209 2126 nam
227 2103 250 2126 et
270 2102 410 2127 Lanuvini
428 2110 504 2128 mane
519 2111 569 2134 pro
588 2104 652 2128 bono
671 2104 770 2135 dicunt,
790 2106 857 2130 cient
876 2106 948 2136 apud
967 2113 1013 2129 nos
1031 2113 1129 2137 quoque
1148 2109 1309 2131 contrarium
1329 2111 1365 2132 est
1386 2110 1505 2138 immane,

220 2145 265 2179 **)
285 2146 337 2170 vid.
358 2146 514 2178 Hertzberg,
533 2147 686 2172 Geschichte
705 2157 756 2172 von
775 2148 864 2173 Hellas
885 2158 909 2174 u.
929 2149 992 2173 Rom
1013 2149 1046 2178 II,
1065 2159 1090 2182 p.
1111 2150 1154 2174 47.
