1773 2449
1540 102 1576 132 11

622 119 657 141 De
673 119 734 141 Iano
752 126 848 141 summo
864 118 1031 140 Romanorum
1046 119 1096 140 deo.

258 192 411 225 Hactenus
446 195 602 236 praecipue
630 195 666 225 de
693 194 814 225 nomine
841 193 910 224 Iani
941 193 1166 234 disputavimus,
1193 193 1325 234 sequitur
1348 204 1436 233 nunc,
1460 197 1492 224 ut
1516 194 1579 235 opi-

166 252 269 283 niones
293 252 329 283 de
352 252 399 284 dei
424 256 539 293 natura,
575 263 651 294 quae
678 252 769 283 ullius
796 251 857 283 sint
880 251 1030 291 momenti,
1054 251 1102 282 vel
1126 251 1313 292 antiquitatis
1337 252 1384 282 vel
1407 252 1578 284 recentioris

166 310 279 349 aetatis,
299 321 570 341 commemoremus.
618 310 722 340 Cicero
747 309 797 349 (N.
822 309 858 339 D.
883 309 923 349 II,
949 310 1002 347 27)
1038 309 1074 340 de
1102 309 1216 349 origine
1244 309 1374 340 nominis
1398 310 1575 341 mentionem

165 366 277 399 faciens
301 367 378 398 nihil
401 368 437 398 de
461 368 508 398 dei
532 370 641 398 natura
663 367 774 397 statuit.
822 366 991 398 Macrobius
1015 377 1085 398 vero
1109 366 1178 404 (Sat.
1203 366 1227 406 Ι,
1252 367 1280 406 9,
1309 367 1362 405 11)
1381 366 1505 396 candem
1521 367 1577 397 ori-

158 425 264 465 ginem
293 435 526 457 commemorans
558 425 666 456 Ianum
701 426 740 456 ab
775 426 872 456 eundo
901 425 1012 455 dictum
1037 425 1074 455 ad
1099 429 1212 456 motum
1237 424 1340 455 mundi
1365 424 1462 464 refert,
1487 424 1576 465 ”quod

164 483 292 514 mundus
316 493 431 524 semper
455 486 511 521 eat,
535 483 606 513 dum
643 482 674 512 in
709 483 810 513 orbem
846 482 998 513 volvitur”.
1029 501 1067 505 —
1094 483 1247 513 Sententia
1271 493 1340 513 vero
1364 482 1453 512 Verri
1478 482 1577 512 Flacci

164 540 251 578 (Fest.
277 552 302 582 p.
329 541 383 578 52)
415 540 512 571 Chaos
540 540 631 572 Ianus
659 544 723 571 erat
742 540 797 578 (cfr
815 540 901 571 Ovid.
919 541 998 572 Fast.
1023 541 1047 581 I,
1076 541 1138 571 103
1163 545 1238 581 sqq.)
1264 559 1302 563 —
1330 540 1417 570 Teste
1442 540 1577 570 Arnobio

164 599 242 638 (adv.
268 602 327 629 nat.
352 599 410 637 III,
438 599 493 638 29)
517 599 623 630 Ianum
650 599 784 640 ”quidam
809 601 966 638 mundum,
996 611 1113 630 annum
1137 599 1198 639 alii,
1222 599 1311 629 solem
1336 609 1398 629 esse
1424 598 1577 639 prodidere

163 656 323 687 nonnulli”.
358 656 422 693 Quo
447 657 478 687 in
503 668 625 688 numero
650 661 694 688 est
718 657 866 697 Lutatius,
889 658 940 698 qui
964 658 1057 697 (Ioan.
1082 657 1157 697 Lyd.
1185 657 1220 687 de
1245 667 1320 687 men.
1341 656 1395 695 IV,
1418 657 1444 693 1)
1469 655 1576 686 Ianum

162 725 224 744 esse
248 714 339 744 solem
364 715 451 745 dixit:
477 715 535 754 ὅγε
551 716 616 754 μὴν
631 716 812 755 Λουτάτιος
830 715 939 746 Ἥλιον
961 716 1061 746 αὐτὸν
1080 715 1172 753 παρὰ
1188 716 1227 746 τὸ
1244 715 1462 756 ἀφ’-ἑκατέρας
1476 715 1578 753 πύλης

162 772 283 811 ἄρχειν,
309 772 472 812 ἀνατολῆς
494 774 571 813 ἴσως
593 774 646 803 καὶ
669 773 792 811 ὁύσεως
819 773 873 809 (cfr
896 772 1025 803 Macrob.
1051 772 1110 803 Sat.
1136 773 1159 812 Ι,
1185 774 1214 811 9,
1231 773 1272 811 9).
1299 772 1440 811 Nigidius
1451 772 1576 812 Figulus

162 831 236 859 teste
267 828 419 861 Macrobio
455 830 526 870 (Sat.
564 830 587 870 I,
624 831 653 870 9,
685 831 715 867 8)
749 830 922 871 'Apollinem
959 830 989 870 (i.
1010 841 1033 861 e.
1058 830 1133 861 Solis
1158 830 1257 869 deum)
1286 829 1392 860 Ianum
1417 839 1479 859 esse
1504 829 1575 859 vult.

162 885 303 917 Messalla
342 886 428 928 (Lyd.
466 887 501 918 de
537 898 627 918 mens.
666 888 721 927 IV,
766 888 792 924 1)
806 888 834 927 *)
877 887 984 918 Ianum
1019 888 1107 918 deum
1142 888 1239 918 omnis
1277 887 1344 917 initi
1379 891 1408 917 et
1447 887 1574 917 eundem

162 944 272 975 Αἰῶνα
297 956 359 976 esse
383 949 475 987 putat,
499 946 617 977 Plinius
642 957 710 977 vero
734 947 775 986 (n.
802 946 831 977 h.
860 947 910 986 34,
937 947 989 984 37)
1014 946 1154 987 temporis
1178 949 1207 976 et
1227 945 1292 976 aevi
1311 945 1405 976 deum.
1422 964 1461 968 —
1479 945 1575 976 Varro

162 1002 221 1033 ”vir
245 1004 430 1035 doctissimus
453 1008 482 1034 et
506 1005 706 1036 acutissimus⁷'
731 1006 819 1045 (Aug.
844 1016 867 1035 c.
885 1006 911 1035 d.
936 1005 1007 1044 VII,
1034 1006 1085 1042 28)
1111 1005 1218 1035 Ianum
1243 1005 1392 1035 mundum
1417 1015 1479 1034 esse
1499 1003 1576 1034 dixit

160 1061 251 1101 (Aug.
272 1072 295 1091 c.
320 1061 346 1092 d.
372 1061 442 1101 VII,
469 1063 509 1102 7);
537 1066 625 1103 atque
649 1062 818 1094 Macrobius
851 1062 923 1103 (Sat.
951 1062 975 1102 I,
1000 1063 1029 1102 9,
1058 1063 1108 1100 11)
1127 1063 1276 1093 mundum
1301 1065 1330 1092 et
1353 1062 1471 1092 eaelum
1496 1061 1574 1091 idem

159 1119 327 1158 significare
348 1123 440 1161 putat,
460 1121 537 1161 quod
562 1124 660 1151 tamen
686 1132 745 1152 non
773 1121 911 1161 congruit
939 1120 1093 1152 divissioni
1118 1120 1265 1151 Varronis
1289 1120 1380 1160 (Aug.
1407 1130 1430 1149 c.
1450 1119 1476 1149 d.
1502 1118 1573 1159 VII,

161 1177 205 1216 6):
230 1176 390 1215 ”adiunqit
414 1179 561 1208 mundum
598 1179 699 1208 dividi
730 1180 764 1209 in
799 1180 880 1209 <luas
912 1182 1027 1218 partes1
1056 1180 1173 1209 caelum
1198 1182 1226 1208 et
1250 1182 1381 1208 terram:
1406 1181 1433 1208 et
1457 1178 1572 1207 caelum

159 1234 309 1271 bifariam
321 1236 354 1264 in
367 1236 491 1265 aethera
504 1239 530 1265 et
544 1236 647 1266 aera)⁷
696 1237 884 1276 Augustinus
908 1247 1024 1277 quoque
1048 1237 1083 1276 (c.
1108 1236 1135 1266 d.
1155 1236 1227 1276 VII,
1246 1236 1300 1274 28)
1317 1238 1418 1277 aperte
1431 1235 1572 1266 discernit

158 1291 273 1321 caelum
297 1288 326 1321 et
351 1292 503 1332 mundum,
528 1293 670 1323 adiciens:
708 1293 811 1332 ”quem
848 1294 994 1332 (Ianum)
1023 1295 1080 1324 alii
1105 1294 1232 1331 caelum,
1259 1294 1316 1323 alii
1340 1294 1486 1323 dixerunt
1510 1303 1573 1322 esse

160 1349 329 1380 mundum&
378 1350 442 1381 Alii
467 1351 593 1392 denique
617 1363 683 1382 euin
709 1363 771 1383 esse
794 1354 882 1383 deum
908 1354 991 1383 aeris
1015 1355 1189 1392 statuerunt,
1213 1355 1246 1382 ut
1263 1351 1382 1382 Servius
1399 1351 1487 1391 (Aen.
1502 1349 1573 1390 VII,

160 1408 237 1437 610:
267 1409 324 1438 alii
349 1408 462 1439 Ianum
483 1414 583 1439 aorem
608 1411 750 1449 credunt)
775 1414 803 1441 et
827 1411 944 1441 Gauius
972 1411 1081 1441 Bassus
1108 1410 1195 1451 (Lyd.
1221 1410 1275 1449 rV,
1301 1410 1344 1449 2);
1369 1412 1387 1441 ὁ
1411 1409 1450 1440 ὁὲ
1474 1408 1573 1439 Γατοσ

158 1466 289 1496 Βάσσοσ
309 1467 346 1498 ἐν
368 1472 416 1497 τῶ
444 1469 520 1506 περὶ
552 1468 638 1499 θεῶν
666 1468 806 1507 ὁαίμονα
838 1469 938 1499 αὐτὸν
962 1469 1042 1499 εἶναι
1070 1470 1186 1507 νομίζει
1210 1468 1412 1507 τεταγμένον
1436 1467 1490 1497 ἐπὶ
1514 1473 1572 1497 τοῦ

158 1525 258 1563 ἀέρος
275 1526 327 1555 καὶ
351 1525 383 1555 ὁί
401 1526 500 1556 αὐτοῦ
523 1526 583 1564 τὰς
605 1532 673 1557 τῶν
697 1527 884 1565 ἀνθρώπων
907 1527 1005 1566 εὐχὰς
1023 1526 1248 1566 ἀναφέρεσθαι
1272 1533 1341 1566 τοῖς
1363 1529 1534 1565 κρείττοσι.

248 1583 452 1614 Coniectiones
476 1587 574 1614 autem
601 1584 841 1625 mythologorum
879 1584 1074 1615 recentiorum
1103 1584 1182 1614 ultra
1210 1584 1264 1615 has
1292 1584 1482 1625 antiquorum
1506 1595 1572 1615 sen-

158 1640 266 1672 tentias
289 1641 499 1682 opinionesque
523 1641 558 1672 de
583 1641 649 1672 Iani
675 1642 721 1672 dei
750 1645 857 1672 natura
885 1652 944 1672 non
969 1641 1057 1672 nimis
1081 1645 1150 1672 sunt
1175 1652 1354 1683 progressae.
1383 1641 1461 1672 Nam
1487 1641 1572 1672 Butt-

158 1710 285 1729 mannus
308 1699 428 1740 quidem
457 1699 594 1740 (Mythol.
625 1700 657 1730 ΙΙ
692 1712 719 1741 p.
759 1700 810 1737 72)
846 1704 875 1730 et
902 1700 1016 1730 Preller
1043 1700 1140 1739 (Rom.
1169 1699 1264 1740 Myth.
1280 1699 1289 1713 ³
1316 1699 1330 1729 I
1356 1711 1381 1740 p.
1412 1700 1473 1729 168
1497 1703 1571 1740 sqq.)

158 1757 329 1787 etiamnunc
352 1757 460 1787 Ianum
485 1757 554 1788 solis
578 1768 640 1788 esse
665 1758 752 1788 deum
770 1761 912 1799 putarunt
929 1758 1064 1798 idemque
1081 1758 1183 1788 statuit
1203 1757 1335 1797 Scaliger
1351 1757 1420 1794 (vid.
1437 1757 1571 1795 Corssen,

158 1814 247 1844 Beitr.
273 1825 296 1844 z.
321 1814 357 1845 It.
382 1814 524 1856 Sprachk.
552 1826 579 1856 p.
608 1815 686 1852 351>
720 1815 794 1846 Iano
824 1826 891 1846 cum
915 1815 990 1846 Iana
1014 1818 1055 1856 (=
1068 1815 1167 1855 Luna)
1192 1815 1221 1845 in
1247 1815 1496 1856 comparationem
1522 1826 1572 1845 vo-

158 1875 231 1903 cato.
258 1891 297 1894 —
325 1872 442 1904 Deecke
478 1876 576 1904 autem
608 1870 682 1911 (Etr.
707 1873 827 1904 Forsch.
853 1873 885 1903 II
910 1885 936 1915 p.
965 1873 1027 1904 125
1048 1880 1120 1914 sqq.)
1168 1873 1274 1904 Ianum
1298 1884 1360 1904 esse
1385 1873 1471 1904 deum
1496 1873 1569 1903 caeli

157 1934 246 1970 ratus,
281 1941 461 1972 quamquam
497 1931 707 1972 etymologiam
743 1931 834 1971 illam,
870 1942 929 1972 qua
957 1931 994 1962 ad
1030 1931 1159 1962 radicem
1195 1932 1248 1962 div
1284 1931 1417 1971 refertur,
1449 1931 1570 1972 spernit,

158 1988 225 2019 Iani
242 1999 350 2019 nomen
374 1989 452 2019 idem
477 1992 565 2030 atque
589 1989 802 2031 appellativum
827 2000 936 2020 nomen
949 1990 1011 2020 iani
1023 1989 1292 2030 USchweibbogen,
1317 1989 1496 2029 Bogenthor,
1520 1999 1570 2028 ge-

158 2046 281 2077 wolbter
305 2046 516 2087 Durchgang”)
551 2058 613 2078 esse
640 2047 808 2078 arbitratur.
860 2046 951 2078 Ianus
978 2047 1072 2087 igitur
1099 2050 1220 2078 auctore
1244 2046 1374 2077 Deeckio
1398 2046 1512 2077 caelum
1537 2050 1569 2076 ut

230 2173 257 2207 ᾗῇ)
277 2173 294 2199 ὁ
314 2173 480 2200 Μεσσαλᾶσ
498 2179 602 2201 τοῦτον
621 2174 691 2201 εἶναι
710 2175 761 2201 τὸν
780 2175 871 2201 αἰῶνα
891 2176 1004 2208 νομίζει.
