1773 2449
637 124 672 146 De
687 125 748 146 1:110
763 131 858 146 summo
872 124 1040 147 Romanorum
1054 127 1108 148 deo.
1536 108 1576 142 2⁷

166 199 292 231 Ovidius
315 209 440 241 quoque,
463 199 513 240 qui
538 199 683 241 copiosius
719 200 824 231 ceteris
859 200 1037 231 creationem
1066 201 1169 232 mundi
1193 201 1354 242 descripsit,
1377 202 1577 243 copiosissime

166 256 256 288 etiam
281 257 476 289 conservandi
499 268 608 289 munus
628 256 695 289 Iani
719 263 839 290 enarrat
863 258 953 297 (Fast.
977 257 1001 299 I,
1030 259 1090 290 117
1117 262 1201 300 sqq.):

359 342 503 381 quicqicid
527 342 635 381 ubique
659 342 752 382 vides,
776 342 902 383 caelum,
926 353 1020 381 mare,
1045 342 1162 383 nubila,
1186 346 1301 373 terras:

421 401 525 430 omnia
549 403 620 430 sunt
644 403 750 431 nostra
774 401 882 431 clausa
901 404 1067 440 patentque
1091 411 1194 432 mana.

357 467 404 486 me
422 467 517 495 penes
541 460 584 487 est
607 467 703 488 unum
727 458 807 487 vasti
831 459 968 488 custodia
992 459 1109 497 mundi,

426 517 453 545 et
477 515 527 545 ius
550 515 689 545 vertendi
712 516 853 545 cardinis
877 525 962 546 omne
986 526 1084 546 meum
1108 518 1159 546 est.

357 581 424 602 cam
449 572 539 601 libuit
563 572 670 602 Pacem
689 573 828 611 placidis
851 574 985 602 emittere
1009 574 1102 612 tectis,

428 630 525 660 libera
545 640 604 669 per
628 633 711 661 tutas
735 630 872 661 ambulat
895 631 953 661 illa
977 632 1060 662 vias:

357 689 506 726 sanquine
531 689 650 725 letifero
674 691 752 719 totus
775 689 951 719 miscebitur
974 689 1063 728 orbis,

424 746 458 775 ni
482 748 603 776 teneant
626 746 747 784 riqidae
766 746 889 777 condita
913 746 991 777 bella
1011 756 1106 777 serae.

351 805 514 842 praesideo
530 805 658 841 foribus
681 805 760 835 caeli
783 815 850 835 cum
874 805 999 835 mitibus
1019 805 1130 842 Horis;

424 862 456 901 it,
476 862 557 892 redit
576 861 676 899 officio
700 861 843 900 Iuppiter
867 862 932 900 ipse
955 872 1025 892 meo.

253 944 488 974 Gubernatorem
525 945 629 974 mundi
665 944 773 975 Ianum
809 945 840 974 in
876 944 1025 984 theologia
1052 955 1177 975 romana
1203 944 1346 975 celebrari
1374 944 1429 975 loci
1453 946 1573 985 quidem

161 1000 245 1030 allati
269 1000 452 1031 confirmant.
500 1000 597 1038 Quam
622 1004 700 1031 certe
723 1001 892 1042 opinionem
917 1002 955 1031 ab
979 1001 1148 1031 hominibus
1172 1001 1296 1031 ultimae
1320 1002 1478 1032 memoriae
1502 1002 1574 1032 alie-

161 1069 231 1089 nam
257 1069 316 1089 non
340 1059 429 1090 fuisse
453 1070 490 1090 ex
514 1070 548 1090 eo
576 1059 761 1100 intelligitur,
789 1059 868 1100 quod
895 1059 1052 1090 Saliorum
1076 1068 1191 1098 quoque
1215 1059 1443 1098 antiquissimis
1462 1061 1574 1091 carmi-

161 1116 250 1145 nibus
273 1116 397 1146 deoram
418 1117 493 1146 deus
519 1118 643 1146 canitur
678 1115 778 1155 Ianus,
807 1120 840 1146 ut
863 1120 907 1146 est
930 1117 1009 1156 apud
1032 1116 1220 1146 Macrobium
1244 1116 1377 1155 (Saturn.
1402 1116 1427 1156 I,
1451 1119 1480 1156 9,
1509 1118 1573 1157 14);

160 1183 195 1204 ao
218 1173 242 1205 si
267 1173 404 1215 princeps
428 1172 500 1204 deus
523 1176 567 1205 est
590 1172 689 1210 (Varr.
714 1172 732 1203 l.
757 1172 775 1203 l.
800 1172 855 1213 VI,
882 1172 938 1213 34)
962 1175 991 1203 et
1015 1175 1183 1215 procreator
1206 1172 1319 1212 mundi,
1336 1173 1395 1203 iam
1408 1173 1477 1204 inde
1489 1174 1572 1215 sequi

160 1232 253 1271 debet,
277 1234 310 1261 ut
333 1242 406 1272 opus
429 1242 515 1262 suum
539 1242 641 1271 regere
657 1232 851 1270 existimetur,
867 1232 1037 1272 praesertim
1051 1232 1076 1262 si
1089 1242 1175 1262 nemo
1199 1231 1320 1262 deorum
1340 1232 1367 1262 ei
1391 1243 1445 1273 par
1468 1233 1506 1263 sit
1521 1232 1577 1263 uut'

160 1289 299 1331 superior.
345 1288 414 1331 Ipse
438 1289 489 1320 ille
513 1299 615 1320 versus
638 1289 780 1320 carminis
804 1288 935 1329 Saliaris,
958 1289 1010 1320 ubi
1026 1287 1118 1319 Ianus
1141 1289 1214 1320 deus
1238 1289 1358 1320 deorum
1376 1290 1500 1329 canitur,
1516 1290 1571 1321 etsi

159 1359 220 1379 non
243 1348 331 1389 plane
355 1348 481 1388 integer,
504 1358 522 1378 a
546 1348 682 1379 Varrone
706 1347 737 1388 (l.
762 1347 779 1378 l.
804 1346 876 1387 VII,
902 1347 957 1387 27)
981 1351 1117 1379 servatus
1139 1350 1195 1378 est:

467 1407 583 1437 Divum
609 1409 710 1445 empta
729 1409 824 1446 cante,
848 1406 953 1436 divam
977 1407 1030 1436 deo
1054 1405 1255 1444 supplicante.

251 1463 367 1494 Zander
383 1467 483 1494 tamen
500 1463 701 1504 praeiudicata
717 1463 855 1504 opinione
875 1466 1034 1504 occupatus
1051 1462 1106 1493 hoc
1118 1466 1219 1504 aperte
1243 1463 1353 1493 dictum
1367 1463 1499 1494 Macrobi
1512 1464 1571 1503 (cui

159 1522 206 1552 vel
230 1522 326 1552 omnis
351 1522 481 1562 cognitio
505 1522 645 1552 carminis
670 1521 793 1552 Salia-ris
805 1532 866 1552 non
878 1524 922 1553 est
932 1520 1151 1560 abiudicanda),
1165 1540 1205 1543 -
1218 1521 1296 1561 quod
1320 1531 1414 1562 paene
1429 1521 1572 1563 repetitur

159 1579 177 1608 l.
197 1589 220 1609 c.
244 1580 261 1618 ξ
289 1580 342 1609 16:
367 1577 499 1617 (Ianum)
520 1582 643 1617 patrem
668 1579 863 1618 (invocamus)
887 1580 978 1618 quasi
1001 1579 1125 1609 deorum
1150 1579 1239 1608 deum
1266 1597 1306 1601 —-
1329 1579 1360 1622 in
1373 1579 1571 1619 suspicionem

158 1636 285 1676 vocavit,
306 1636 485 1667 contendens
508 1636 636 1667 'deorum
654 1636 750 1666 deum’
761 1639 790 1666 et
802 1636 897 1666 forma
907 1639 936 1666 et
948 1635 1165 1676 significatione
1178 1645 1196 1665 a
1206 1635 1337 1665 carmine
1350 1635 1497 1666 Saliorum
1510 1647 1572 1666 esse

158 1694 289 1725 alienum
310 1694 341 1735 (l.
358 1705 381 1725 c.
408 1694 451 1725 54
474 1695 556 1736 sqq.).
603 1694 726 1725 Formas
750 1694 830 1724 enim
846 1694 970 1724 traditas
991 1694 1168 1724 recentiores
1191 1704 1262 1732 esse,
1285 1703 1376 1734 quam
1400 1704 1476 1734 quae
1501 1693 1570 1724 ferri

160 1752 282 1794 possint,
306 1752 476 1783 arbitratur.
524 1753 567 1783 At
590 1752 714 1793 genitivi
735 1752 830 1783 forma
842 1753 947 1782 divum
960 1762 1020 1783 non
1032 1755 1076 1783 est
1088 1751 1278 1792 exagitanda,
1290 1761 1360 1781 nam
1373 1751 1487 1782 ratione
1500 1752 1571 1783 scri-

162 1810 249 1840 bendi
273 1814 397 1851 excepta
420 1811 459 1840 ab
482 1811 688 1851 antiquissima
700 1810 795 1841 forma
807 1811 923 1841 deivom
936 1810 1013 1840 nihil
1026 1811 1086 1840 fere
1098 1810 1205 1849 differt,
1217 1810 1295 1850 quod
1314 1813 1414 1840 tamen
1431 1810 1570 1841 mendum

159 1866 245 1897 facile
280 1870 325 1898 est
361 1867 475 1897 scribae
487 1867 525 1906 *).
574 1867 684 1897 Forma
718 1870 818 1897 autem
853 1868 906 1897 deo
942 1877 989 1897 me
1017 1867 1114 1897 iudice
1137 1867 1230 1897 multo
1254 1867 1353 1897 minus
1377 1867 1571 1898 dubitationis

158 1925 279 1965 praebet
302 1935 392 1965 quam
416 1924 632 1955 immanissima
667 1925 762 1956 forma
789 1926 880 1956 decus
892 1925 943 1964 **)
967 1924 999 1964 (i.
1020 1936 1043 1955 e.
1064 1925 1144 1965 diei),
1168 1936 1258 1966 quam
1282 1924 1473 1956 substitutam
1498 1924 1568 1955 vult.

249 2040 277 2074 ⁴⁶)
298 2040 343 2066 Gfr
362 2040 436 2066 Varr.
457 2041 474 2066 1.
496 2041 513 2066 1.
534 2041 564 2071 V,
584 2041 627 2071 65,
646 2041 691 2066 ubi
711 2041 738 2066 in
757 2050 833 2066 versu
852 2041 982 2066 Enniano:
1012 2041 1153 2072 Diromque
1171 2041 1352 2072 hominumque
1367 2043 1444 2072 pater
1463 2048 1509 2065 rex
1529 2049 1569 2065 co-

158 2082 228 2108 dices
246 2084 373 2117 praebent
392 2084 501 2110 divum„

231 2128 278 2157 Ἠ)
297 2128 370 2153 Hanc
389 2129 496 2154 formam
522 2129 608 2154 fictam
637 2129 726 2154 formis
754 2128 830 2153 divus
849 2130 875 2153 et
894 2128 955 2153 dius
974 2129 1008 2160 (p.
1030 2128 1075 2161 31)
1096 2131 1232 2161 exaequat,
1243 2128 1287 2152 sed
1298 2136 1342 2152 cur
1353 2127 1410 2152 dius
1430 2128 1503 2152 dions
1522 2136 1569 2161 per

159 2172 290 2204 synezesin
309 2172 363 2196 sine
383 2172 534 2197 circuitione
555 2173 640 2205 legere
660 2182 710 2197 non
729 2175 767 2197 est
787 2173 834 2202 fas,
854 2175 882 2197 ut
903 2172 1051 2196 Plautinum
1071 2171 1133 2197 diu?
