1773 2449
142 104 185 134 30
789 119 811 142 s.
828 119 911 142 Linde.

139 194 264 226 stoicam
289 195 528 235 conformaverit,
553 206 642 236 quam
668 195 704 225 ad
730 195 917 236 antiquitatis
944 195 1164 236 simplicitatem
1193 195 1349 235 sentiendi,
1372 196 1456 226 haud
1478 195 1557 226 diffi-

139 252 196 284 cile
220 254 373 285 intellectu
408 257 460 293 est,
495 254 600 295 quanti
636 253 774 285 habenda
803 253 842 285 sit
873 253 1017 284 eiusmodi
1042 252 1209 294 corrigendi
1233 253 1317 284 ratio.
1364 252 1443 284 Nam
1468 253 1557 295 plane

139 310 353 352 falso-antiqui
379 311 506 348 (Gellius
529 311 616 342 Noct.
641 312 704 341 Att.
729 311 754 351 Ι,
783 311 831 350 12,
857 311 876 341 5
901 315 930 341 et
954 311 1124 341 Macrobius
1149 310 1266 341 Saturn.
1291 311 1315 351 Ι,
1343 310 1393 350 15,
1413 311 1466 351 14)
1482 311 1556 342 hae'c

140 371 320 399 statuerunt:
356 368 505 410 Diespiter
540 369 618 399 idem
655 372 698 399 est
734 372 823 409 atque
851 369 908 399 diei
933 368 981 399 vel
1005 368 1080 399 lucis
1104 371 1199 409 pater;
1224 368 1275 399 sed
1298 368 1376 399 idem
1401 371 1445 399 est
1468 371 1556 409 atque

139 425 211 457 Dies
236 430 318 468 pater
331 427 356 464 *)
381 426 497 458 ‹fadren
522 426 677 466 Himmel),
697 430 730 457 ut
754 426 844 457 etiam
869 423 1046 457 confirmant
1070 436 1124 457 ser.
1149 426 1262 465 Dyttus
1281 427 1352 465 pita
1367 428 1397 457 et
1416 436 1460 467 gr.
1476 425 1558 465 Ζεὺς

138 486 256 524 πατὴρ.
306 484 416 515 Eodem
442 485 528 515 modo
553 496 583 515 se
607 485 697 515 habet
723 484 898 523 Ite-pita>
914 484 986 515 *Ieu
996 487 1094 523 pater,
1112 484 1389 522 Ion-patermmbr.
1403 484 1555 524 Iu-pater)

139 544 245 574 >Ζεῦ
267 543 372 581 πάτερ
396 543 453 583 (cfr
477 542 602 583 Brugm.
631 542 763 573 Grundr.
794 543 821 573 d.
850 542 909 583 vgl.
934 553 1058 583 gramm.
1084 542 1115 573 II
1140 553 1167 584 p.
1195 542 1259 582 60).
1284 561 1325 565 -—
1350 541 1439 573 Notio
1463 543 1556 583 igitur

139 602 192 633 illa
216 603 289 632 deus
313 602 375 631 diei
400 601 437 631 ab
462 604 558 632 aetate
587 601 729 632 carminis
758 601 881 632 Saliaris
904 612 993 642 quam
1019 601 1190 641 longissime
1218 600 1316 632 aliena
1340 601 1464 632 videtur.
1512 601 1555 631 At

138 660 294 701 quominus
314 659 405 689 Ianus
429 659 501 690 deus
525 659 645 689 deorum
672 659 838 700 appellatus
855 659 893 689 sit
910 659 941 688 in
966 659 1098 689 carmine
1123 645 1486 698 Saliorumssacerdotum
1511 659 1554 700 ip-

138 717 206 757 sius,
231 717 306 747 nihil
330 716 461 756 omnino,
486 720 519 746 ut
544 716 681 755 vidimus,
718 716 849 757 impedit,
882 716 1056 757 praesertim
1082 716 1106 747 si
1135 716 1349 757 antiquissimis
1373 717 1554 758 temporibus

137 785 268 806 summus
293 775 363 805 deus
387 774 506 805 habitus
530 775 576 805 sit.

227 832 323 863 Multo
348 832 453 863 melius
477 835 506 863 et
530 832 614 862 nulla
650 832 710 862 fere
747 831 910 861 mutatione
935 831 1014 861 facta
1038 830 1139 862 Havet
1163 832 1209 869 (de
1234 831 1352 863 Satnrn.
1377 832 1442 863 Lat.
1467 842 1553 863 versu

138 903 165 932 p.
192 891 258 920 410
283 910 323 913 -›
350 891 395 921 cfr
420 891 494 930 244,
521 890 582 921 251
611 891 665 931 sq.)
690 900 807 921 versum
833 890 917 920 illum
943 889 1087 920 Saliarem
1112 890 1154 921 sic
1178 890 1282 921 edidit:

435 961 551 992 Divum
576 972 621 992 em
643 972 688 999 pa
712 963 807 1000 cante,
832 961 931 992 divom
957 961 1010 991 deo
1034 961 1214 1001 supplicate,

136 1034 164 1061 et
189 1031 229 1061 ita
250 1032 463 1073 interpretatus
487 1036 542 1063 est:
580 1033 731 1063 Dirorum
760 1042 827 1062 eum
852 1035 975 1070 patrem
1000 1034 1108 1072 canite,
1132 1033 1273 1062 divorum
1298 1033 1351 1062 deo
1375 1032 1552 1069 supplicate.

136 1089 304 1121 Consimilis
324 1090 462 1132 loquendi
487 1090 614 1122 formula
647 1091 678 1121 in
711 1090 821 1121 vedicis
853 1090 973 1131 hymnis
1009 1090 1099 1121 etiam
1124 1090 1336 1131 frequentatur,
1360 1089 1410 1120 ubi
1435 1089 1471 1120 de
1496 1089 1551 1120 deo

136 1148 241 1177 summi
266 1148 378 1179 ordinis
403 1148 436 1187 (Ι,
462 1149 513 1187 69,
544 1148 576 1186 Q)
612 1148 721 1188 legitur
757 1147 907 1178 decanam
938 1149 1008 1186 pitct
1035 1148 1163 1188 itemque
1191 1148 1242 1187 (II,
1268 1148 1319 1188 26,
1346 1147 1378 1186 3)
1402 1145 1551 1178 dowinam

137 1205 271 1246 pitaram.
319 1206 420 1247 Atque
444 1209 477 1236 ut
501 1206 653 1236 Macrobio
675 1209 765 1244 pater
790 1206 913 1236 deorum
943 1206 1021 1236 idem
1048 1206 1107 1236 fere
1132 1209 1219 1246 atque
1244 1206 1318 1236 deus
1338 1206 1462 1235 deorum
1487 1204 1551 1245 (Sa-

136 1266 213 1293 turn.
234 1263 257 1302 1,
283 1264 311 1303 9,
340 1265 392 1304 16)
424 1268 476 1304 est,
513 1265 555 1295 ita
591 1264 683 1306 poetis
720 1264 861 1294 Indorum
885 1265 955 1303 pita
976 1265 1124 1295 deve-mam
1148 1267 1177 1294 ct
1201 1264 1273 1294 devo
1297 1264 1447 1294 (lemnam
1473 1263 1550 1294 idem

135 1320 194 1350 fere
219 1320 328 1360 valent,
353 1321 527 1362 praesertim
552 1332 618 1351 cum
644 1322 795 1362 epitheton
821 1325 980 1361 utrumque
1005 1322 1040 1351 de
1060 1332 1119 1351 nno
1136 1322 1296 1362 eodemque
1313 1322 1366 1352 deo
1383 1321 1550 1352 adhibitum

134 1377 294 1409 videamus.

225 1435 490 1467 considerantibus
526 1437 625 1476 igibur
653 1438 737 1467 nobis
762 1438 869 1467 Ianum
894 1441 1011 1476 patrem
1038 1438 1095 1475 (cfr
1119 1437 1248 1467 Macrob.
1273 1437 1297 1476 Ι,
1323 1438 1353 1474 9,
1382 1437 1435 1476 15)
1459 1436 1550 1477 vulgo

133 1493 277 1534 appellari
302 1497 331 1523 et
356 1494 609 1535 perpendentibus
634 1495 836 1525 testimonium
862 1495 1004 1535 Macrobi⁷
1028 1506 1086 1536 quo
1103 1495 1194 1525 Ianus
1210 1495 1241 1525 in
1259 1495 1390 1525 carmine
1403 1494 1549 1525 Saliorum

132 1551 207 1580 deus
231 1552 355 1581 deornm
382 1552 562 1591 nominatur,
589 1552 649 1582 veri
675 1552 862 1583 simillimum
891 1553 1007 1583 videtur
1031 1553 1110 1583 hunc
1130 1563 1248 1583 versum
1272 1552 1309 1582 ad
1330 1552 1438 1582 Ianum
1462 1552 1549 1583 deum

132 1612 271 1648 spectare.
319 1609 424 1649 Neque
449 1609 537 1640 aliter
558 1610 673 1640 censuit
698 1610 798 1650 Bergk
824 1610 943 1651 (Opuse.
969 1610 992 1649 Ι,
1017 1621 1043 1650 p.
1069 1610 1155 1648 489).
1205 1609 1299 1646 Quam
1324 1610 1362 1640 ob
1379 1620 1441 1640 rem
1454 1620 1549 1650 neque

132 1666 230 1697 verbis
254 1667 387 1697 codicum
424 1678 519 1709 neque
556 1668 732 1699 testimoniis
769 1668 925 1699 vetustatis
962 1668 1150 1698 vehementer
1181 1667 1299 1698 violatis
1327 1678 1433 1698 nomen
1458 1667 1549 1709 ipsius

132 1724 176 1753 dei
202 1735 254 1754 suo
278 1725 342 1755 loco
366 1726 490 1756 forsitan
516 1737 657 1767 reponere
682 1727 781 1757 liceat:

244 1795 383 1826 Deivom
399 1794 401 1836 Ι
417 1795 563 1837 [IanJem
579 1794 581 1836 Ι
594 1800 701 1837 patrem
718 1797 769 1836 **)
794 1807 852 1828 ccm
866 1795 869 1837 Ι
884 1800 919 1837 te,
944 1797 993 1827 dez·
1008 1795 1011 1837 Ι
1028 1806 1091 1827 vom
1116 1796 1169 1826 deo
1183 1794 1186 1836 Ι
1201 1796 1306 1835 suppli
1320 1794 1323 1836 Ι
1335 1798 1407 1826 cate.

205 1943 232 1976 ἦ)
254 1944 294 1968 Ita
313 1953 340 1970 re
359 1945 417 1979 ipsa
436 1955 523 1971 vocem
543 1947 622 1972 etiam
642 1948 833 1980 iuterpretatur
854 1948 935 1972 Varro
956 1948 984 1979 (1.
1006 1948 1021 1972 l.
1044 1948 1074 1977 V,
1094 1948 1138 1977 66,
1158 1946 1203 1972 ubi
1223 1949 1274 1971 est:
1294 1946 1428 1977 Diespiter
1453 1961 1480 1963 —‡
1507 1960 1547 1977 —‚

131 1986 160 2009 id
178 1988 215 2010 est
234 1988 286 2012 dies
301 1991 387 2018 pater,
408 1990 499 2014 fadren
523 1991 633 2015 Himmel
654 1992 670 2015 1.
691 1992 768 2024 Dag),
789 1995 817 2016 ut
837 1992 971 2022 Diespiter
994 2000 1041 2024 pro
1062 1992 1255 2022 *miens-puer
1270 1990 1305 2014 sit
1324 1990 1388 2023 (vid.
1410 1989 1481 2014 Stolz
1501 1990 1547 2014 lat.

132 2041 241 2064 gramm.
254 2033 263 2047 ²
283 2044 307 2066 p.
324 2036 401 2067 331).
1112 2027 1130 2033 Α
1146 2027 1168 2033 ⁶

205 2077 249 2110 Μ’)
270 2078 363 2103 Forma
378 2082 482 2111 patrem
503 2089 518 2105 a
538 2080 653 2105 codicum
682 2080 813 2114 scriptura
842 2089 997 2115 magnopore
1026 2081 1090 2107 adeo
1109 2089 1161 2106 non
1180 2080 1276 2110 differt,
1295 2088 1354 2105 nam
1369 2083 1418 2112 pta
1437 2080 1514 2105 facile
1533 2089 1547 2105 e

127 2122 177 2150 pat
197 2123 235 2144 est
255 2126 412 2154 corruptum,
433 2124 506 2148 ”cum
526 2124 553 2148 in
573 2125 758 2155 longobardica
787 2134 853 2156 quae
881 2126 978 2149 dicitur
1008 2126 1162 2150 litteratura
1181 2128 1190 2149 l
1209 2124 1301 2149 similis
1320 2124 1426 2149 litterae
1446 2133 1463 2149 α
1482 2125 1546 2149 finv‘

129 2162 227 2195 (Havet
248 2164 262 2187 l.
285 2173 304 2188 c.
325 2174 349 2197 p.
370 2166 439 2197 2501.
480 2166 520 2190 Ad
549 2166 630 2199 ipsam
659 2167 846 2199 pronuntiandi
875 2168 1003 2192 rationem
1033 2168 1219 2192 illustrandam
1248 2168 1411 2200 aliquantum
1431 2168 1546 2200 pertinet
