1773 2449
1582 75 1602 104 9

657 92 692 113 De
708 92 768 113 Iano
784 98 878 113 summo
894 91 1060 112 Romanorum
1076 92 1127 112 deo.

187 169 333 202 firmantis
368 168 497 208 (Saturn.
522 167 545 208 Ι,
571 168 600 208 9,
625 168 667 208 8).
714 167 932 208 Comprobatur
962 178 1032 197 vero
1056 167 1151 197 altera
1166 167 1262 197 forma
1281 167 1369 197 etiam
1395 166 1460 197 loco
1473 166 1601 207 quodam

188 227 333 258 Varronis
357 228 391 267 (r.
413 236 434 256 r.
459 226 483 264 Ι,
507 226 558 266 37,
585 226 628 265 3);
677 225 853 264 Numquam
866 235 940 255 rure
954 243 992 246 ——
1009 225 1126 254 audisti
1157 224 1266 254 Ianam
1291 225 1388 262 (codd.
1409 224 1550 264 Lanam)
1575 227 1602 254 et

187 287 365 315 crescentem
390 287 417 313 ct
438 287 544 314 contra
567 283 787 314 senescentem?
834 283 893 313 Hic
906 283 1012 313 Ianam
1025 293 1087 313 esse
1107 282 1210 312 lunam
1234 281 1424 312 manifestum
1443 286 1487 313 est
1510 283 1598 313 etiam

187 342 363 382 glossemate
387 337 520 372 codicum
546 342 653 372 lunam
677 340 819 381 neglecto.
868 340 996 371 Dianam
1022 351 1091 370 vcro
1116 339 1255 380 antiquos
1280 339 1440 380 aliquando
1461 350 1513 380 pro
1529 339 1600 370 luna

186 400 323 430 habuisse
358 403 446 430 testes
481 392 550 430 sunt
584 400 682 430 Varro
717 399 745 437 (l.
773 399 792 439 l,
820 399 858 438 V,
889 399 942 436 68)
967 402 996 429 ct
1020 398 1124 429 Cicero
1145 398 1194 437 (N.
1219 398 1254 428 D.
1280 398 1312 428 II
1332 398 1349 437 ξ
1370 398 1436 437 68);
1461 398 1599 428 Dianam

187 461 286 488 autem
311 461 338 488 ct
365 458 491 488 Lunam
527 459 653 488 eandem
689 468 752 488 esse
783 460 905 496 putam.
953 456 1009 487 Sed
1033 457 1122 487 ctiam
1147 467 1164 487 a
1189 456 1375 487 Tertulliano
1399 456 1451 496 (ad
1476 459 1534 486 nat.
1559 455 1599 495 II⁷

190 515 242 554 15)
263 519 508 545 commemoratur
533 516 608 545 lana
644 515 737 549 (codd.
762 515 860 553 Lana)
884 515 947 553 dea,
971 515 1022 544 ubi
1047 514 1160 555 ”arquis
1185 514 1269 544 diva„
1293 525 1355 545 esse
1380 514 1488 544 dicitur
1512 518 1599 554 atque

185 572 273 603 simul
298 583 364 603 eum
387 573 460 603 Iano
481 576 571 614 patre,
596 572 731 603 ”arcuum
756 572 824 602 de0'⁷
848 572 1022 612 (secundum
1047 572 1109 602 cod.
1131 572 1173 610 y),
1198 572 1376 602 nominatur.
1424 571 1488 608 Quo
1508 572 1600 611 igitur

186 631 248 661 loco
273 631 460 672 aliquatenus
497 630 698 672 mythologica
734 630 865 661 cernitur
900 630 1037 670 cognatio
1073 630 1140 660 Iani
1169 633 1197 660 et
1221 629 1321 667 lanae,
1348 641 1438 671 quam
1467 629 1599 660 Rosohor

185 688 215 726 (l.
240 689 276 727 G.)
301 689 455 719 desiderat.

270 745 428 777 Praeterea
451 749 494 777 est
522 746 812 777 commemorandum
848 756 901 776 nos
938 746 973 776 de
1010 746 1106 787 prima
1129 746 1159 786 vj
1188 746 1259 776 deae
1287 746 1402 776 Dianae
1426 746 1473 776 vel
1497 746 1597 785 Ianae,

185 814 252 834 nam
279 803 356 834 hanc
380 815 496 845 quoque
521 804 646 835 formam
670 803 827 845 appellatis
846 803 1023 834 testimoniis
1047 804 1118 834 satis
1143 804 1296 844 probatam
1322 804 1427 842 iudico,
1444 803 1519 833 nihil
1538 804 1597 834 fere

185 871 368 900 cognoscere,
408 861 577 902 posterioris
613 872 681 891 vcro
716 862 821 891 aetatis
853 861 987 891 homines
1026 872 1089 891 eam
1135 872 1202 890 cum
1242 861 1314 891 luna
1348 861 1515 891 confudisse
1550 872 1597 891 ar—

185 920 284 950 bitror.
332 919 410 950 Nam
436 920 509 950 mihi
536 930 627 961 paene
652 930 823 961 persuasum
848 922 892 950 est
915 923 944 950 et
969 919 1056 950 Diam
1082 923 1111 950 ct
1135 919 1264 949 Dianam
1290 919 1337 949 vol
1356 919 1460 949 Ianam
1477 922 1507 949 et
1523 918 1597 949 Diu-

185 980 303 1006 turnam
330 978 375 1007 vel
400 978 557 1007 Iuturnam
594 969 679 1007 varia
712 978 917 1008 tantummodo
953 989 1014 1008 esse
1050 978 1172 1008 nomina
1200 978 1288 1008 unius
1312 977 1501 1018 eiusdemque
1525 977 1596 1008 deae

183 1045 314 1065 summae
339 1039 367 1064 et
391 1035 509 1076 quidem
530 1035 670 1066 caelestis.
722 1036 765 1065 Aa
797 1035 820 1065 si
857 1039 1021 1076 temporum
1058 1045 1217 1076 progressu
1254 1035 1284 1064 vi
1317 1035 1414 1075 prima
1446 1034 1596 1064 oblivione

183 1093 288 1123 obruta
312 1093 367 1122 dea
391 1093 443 1123 illa
467 1104 519 1134 pro
544 1093 615 1123 luna
639 1093 712 1133 (Cic.
737 1093 773 1123 N.
800 1093 834 1123 D.
860 1093 891 1123 ΙΙ
915 1094 931 1131 ξ
957 1094 1012 1132 68)
1029 1093 1133 1123 habita
1146 1096 1198 1131 est,
1217 1093 1293 1123 idem
1312 1092 1373 1123 fere
1390 1092 1464 1123 Iano
1480 1092 1596 1131 accidit,

182 1150 231 1189 qui
257 1161 309 1190 pro
333 1150 393 1180 sole
417 1150 581 1180 habebatur
618 1151 858 1192 philosophorum
887 1155 966 1181 secta.
989 1151 1118 1191 quadam
1144 1151 1322 1194 impellente.
1370 1150 1449 1180 Nam
1475 1151 1595 1181 deorum

181 1218 296 1248 quoque
323 1208 383 1237 vim
413 1211 441 1238 et
476 1208 633 1249 imperium
670 1208 765 1238 minui
802 1219 885 1249 posse
922 1212 951 1238 et
980 1209 1200 1248 angustioribus
1224 1208 1360 1238 terminis
1384 1208 1596 1246 circumscribi,

181 1265 374 1305 mythologia,
398 1277 488 1306 quam
512 1266 745 1306 comparativam
771 1269 887 1305 vocant,
911 1266 1056 1307 exemplis
1080 1266 1152 1297 satis
1176 1265 1277 1297 multis
1302 1266 1386 1296 docet
1399 1265 1435 1305 *).

273 1322 302 1351 Si
328 1323 374 1351 his
399 1323 441 1351 ita
465 1323 631 1352 constitutis
652 1323 818 1352 coniunctio
843 1323 1000 1353 manifesta
1012 1323 1156 1361 (Roscher
1168 1323 1186 1353 l.
1200 1325 1236 1361 e.)
1251 1342 1291 1345 —
1306 1324 1331 1353 si
1345 1323 1431 1353 modo
1444 1327 1487 1353 cst
1500 1324 1595 1353 mani-

181 1379 254 1409 festa
281 1398 319 1401 —
345 1390 422 1420 quac
442 1379 519 1410 inter
544 1379 657 1410 Immm
682 1383 711 1409 ot
736 1380 840 1410 innam
860 1379 906 1410 vel
922 1381 1046 1410 ianuam
1063 1380 1234 1419 intercedat,
1249 1380 1458 1419 conscinditur,
1472 1380 1594 1409 minime

181 1441 224 1467 est
249 1438 416 1476 dolendum,
441 1439 491 1468 sed
515 1439 552 1467 ob
577 1439 760 1468 maiestatem
785 1439 831 1468 dci
849 1439 956 1469 summi
975 1443 1092 1469 auctam
1106 1439 1152 1469 vol
1167 1439 1296 1469 maxime
1309 1438 1508 1478 gaudendum,
1524 1449 1592 1469 nam

180 1494 259 1534 quod
285 1495 435 1525 Arnobius
460 1495 538 1535 (adv,
563 1495 631 1525 Nat.
657 1495 714 1534 III,
741 1495 796 1534 ⁶29)
821 1495 856 1525 dc
880 1495 923 1534 iis,
940 1495 1012 1525 dicit
1024 1496 1074 1535 qui
1089 1499 1205 1536 tempus
1218 1496 1305 1525 deum
1319 1506 1381 1525 esse
1394 1499 1533 1535 putarent
1551 1514 1591 1517 —

181 1551 210 1581 id
239 1551 331 1582 multo
356 1552 454 1583 verius
478 1553 513 1583 de
538 1553 574 1583 iis
599 1553 656 1583 diei
682 1556 784 1594 potest,
809 1553 860 1593 qui
877 1552 984 1583 Ianum
1002 1553 1039 1583 ab
1056 1553 1124 1583 iano
1141 1553 1187 1583 vol
1204 1553 1241 1583 ob
1258 1552 1421 1583 custodiam
1436 1552 1593 1583 ianuarum

178 1620 240 1639 osse
262 1610 447 1640 nominatum
474 1614 588 1651 putent:
612 1613 681 1649 quis
702 1614 744 1641 est
768 1612 848 1641 enim
874 1614 934 1641 tam
954 1612 1084 1650 demvm,
1101 1613 1153 1649 (μή
1170 1612 1295 1640 ianuam
1311 1612 1469 1640 essedieat
1482 1610 1593 1640 deum?

264 1668 363 1709 Atque
389 1673 421 1699 ut
445 1670 523 1710 apud
548 1669 677 1700 Graecos
711 1671 792 1709 Ἥρα
821 1680 879 1699 non
908 1673 951 1699 est
975 1670 1183 1710 antiquissima
1207 1669 1339 1699 omnium
1364 1669 1419 1698 (lea
1443 1672 1471 1698 et
1496 1668 1592 1709 prima

179 1725 251 1754 Διὸσ
274 1737 350 1756 uxor
374 1727 424 1756 sed
450 1729 549 1767 Διώνη
559 1727 613 1766 **),
637 1738 726 1767 quam
751 1728 839 1767 Ἡρα,
875 1728 930 1758 (lca
958 1727 1094 1766 Aeolum,
1119 1738 1134 1757 e
1158 1727 1226 1757 sede
1250 1738 1366 1757 summa
1390 1726 1525 1765 removit,
1550 1726 1592 1756 ita

177 1782 265 1812 etiam
287 1783 365 1823 apud
390 1782 540 1814 Romanos
564 1794 655 1827 unam
671 1784 853 1825 eandemque
870 1784 955 1814 deam
973 1794 1088 1824 semper
1104 1784 1203 1814 sedem
1220 1794 1367 1814 summam
1384 1794 1591 1824 summumque

267 1923 295 1955 ᾗ)
316 1924 359 1947 Cfr
380 1924 473 1947 librum
493 1932 587 1948 meum:
610 1925 700 1956 Indog.
720 1925 744 1949 h.
766 1934 790 1956 g.
810 1935 836 1958 p.
857 1927 891 1950 95
912 1936 950 1958 sq.

249 1966 293 2001 *ἢ
315 1967 356 1992 Sic
375 1967 441 1992 enim
461 1976 501 1991 res
521 1967 547 1991 in
567 1968 701 1993 Diomedia
721 1969 754 1998 (Il
775 1970 807 2001 V)
827 1973 994 1994 narratur.—
1016 1969 1069 1994 vid.
1089 1969 1121 1995 ΙΙ.
1142 1969 1171 1993 Ε.
1192 1969 1289 2001 Meyer,
1310 1969 1398 1999 Indog.
1420 1967 1504 1999 Myth.
1524 1967 1544 1996 Ι,
1563 1976 1588 1999 p.

178 2012 226 2035 131
245 2011 272 2043 ¹),
293 2012 356 2040 1933
378 2012 410 2040 ΙΙ,
430 2012 474 2039 81,
494 2011 554 2036 271.
593 2012 630 2035 Ac
658 2021 749 2036 revera
778 2012 868 2048 Διώνη
892 2016 917 2037 et
938 2013 1011 2045 Ζεὺς
1032 2013 1057 2037 in
1078 2013 1173 2045 templo
1193 2013 1238 2037 illo
1258 2013 1389 2037 dodonaeo
1409 2011 1589 2044 antiquissimo

177 2053 251 2077 simul
280 2054 430 2077 colebantur
451 2054 587 2078 secundum
604 2054 682 2079 schol.
702 2054 761 2078 hom
789 2055 822 2078 ad
838 2064 859 2089 γ
879 2057 927 2088 (cfr
948 2056 1047 2087 Mayer,
1067 2056 1124 2085 (iig.
1145 2065 1168 2081 u.
1189 2057 1240 2080 Tit.
1264 2065 1288 2088 p.
1309 2056 1353 2087 83)
1377 2059 1403 2079 et
1424 2055 1511 2079 Strab.
1533 2055 1590 2085 Vll,

177 2107 196 2122 c.
219 2097 233 2122 7
254 2098 270 2131 ξ
292 2099 337 2122 12:
367 2097 489 2132 ὕστερον
520 2096 758 2134 (δ’ἀπεὸείχῦησαν
778 2101 857 2132 τρεῖσ
872 2102 977 2133 γραῖαι,
1007 2098 1104 2134 enethi}
1130 2094 1175 2123 κάί
1195 2098 1323 2124 σύνναοσ
1342 2100 1382 2130 τῷ
1403 2096 1441 2122 Διὶ
1460 2103 1590 2130 προσαπε

176 2142 275 2177 haffn
295 2143 341 2168 ua}
359 2143 376 2177 ἡ
396 2142 494 2178 Διώνη.

262 2191 345 2212 Lunds
361 2192 434 2213 Univ.
452 2185 582 2213 Arsskrift.
613 2192 679 2213 Tom.
696 2192 802 2213 XXVII.
1487 2194 1500 2213 2
