1773 2449
180 97 201 126 4
824 110 846 132 s.
863 110 948 132 Linde.

184 518 267 578 De
299 543 393 583 prima
429 543 457 572 vi
493 546 582 582 atque
619 546 725 572 natura
764 543 829 572 Iani
866 543 911 572 dei
949 547 981 572 ut
1013 544 1049 573 de
1076 543 1191 582 origine
1219 543 1311 584 ipsius
1336 546 1464 576 nominis
1489 545 1597 575 multae

184 603 214 631 et
238 600 370 631 diversae
394 603 463 630 sunt
487 599 619 641 prolatae
643 600 814 630 sententiae.
852 600 897 630 Ac
913 610 980 630 cum
997 600 1043 630 dei
1065 600 1206 641 cuiusque
1231 604 1371 632 naturam
1395 613 1429 633 ac
1453 603 1514 632 vim
1537 602 1597 632 iam

186 659 303 689 nomine
328 659 420 688 indito
446 669 625 699 magnopere
649 659 808 689 admodum
834 659 977 689 declarari
1003 663 1031 689 et
1056 659 1197 689 illustrari
1223 663 1453 691 consentaneum
1478 661 1522 700 sit,
1539 661 1597 701 pri-

186 726 267 746 mum
292 716 327 745 de
352 716 414 756 ipso
451 715 571 746 nomine
607 715 674 745 Iani
710 715 761 745 fiat
789 716 931 755 quaestio.
981 716 1045 746 Iam
1071 726 1141 746 vero
1164 716 1321 757 scriptores
1345 717 1470 758 antiqui,
1494 718 1598 758 quibus

187 778 285 804 tamen
309 773 512 814 etymologicis
548 773 581 803 in
617 774 703 804 rebus
732 773 892 804 auctoritas
920 773 993 804 adeo
1017 784 1127 813 magna
1152 784 1210 804 non
1235 777 1278 805 est
1302 774 1469 815 tribuenda,
1494 776 1524 806 in
1548 786 1599 806 no-

188 831 266 860 mine
290 831 341 861 illo
365 830 532 861 enarrando
556 831 773 861 contenderunt
800 834 829 860 et
853 831 1050 860 elaborarunt.
1098 831 1181 861 Inter
1212 831 1357 861 eiusmodi
1381 832 1600 872 interpretatio-

189 899 248 927 nes,
272 898 346 929 quae
369 887 434 918 sine
458 887 520 918 ulla
545 887 729 918 dubitatione
765 888 796 918 in
833 898 956 919 numero
985 888 1165 919 incertarum
1194 892 1223 919 et
1247 888 1382 920 inanium
1406 893 1475 921 sunt
1499 900 1601 921 nume-

189 946 307 985 randae,
331 956 556 976 commemorem
582 946 857 986 interpretationem
883 945 975 985 illam,
1012 957 1088 986 quac
1116 950 1160 977 est
1184 947 1262 987 apud
1283 947 1404 978 Festum
1425 959 1451 988 p.
1479 947 1520 978 52
1546 948 1601 987 (ed.

190 1003 298 1040 Muell.)
323 1014 344 1034 s.
369 1014 395 1033 v.
421 1002 526 1042 Chaos,
558 1003 610 1033 ubi
645 1002 755 1033 mirum
790 1002 821 1032 in
857 1002 976 1033 modum
1005 1002 1096 1033 Ianus
1124 1003 1209 1044 quasi
1238 1003 1365 1034 Hianus
1392 1004 1539 1035 nominari
1565 1005 1602 1035 ab

189 1061 297 1091 hiando
318 1061 432 1091 dicitur.
480 1060 558 1091 Tum
576 1071 646 1091 vero
674 1060 825 1091 Ciceronis
850 1060 1046 1101 veriloqvium
1072 1080 1111 1083 ——
1134 1061 1213 1101 quod
1237 1061 1412 1102 quibusdam
1435 1062 1546 1103 placuit
1561 1081 1600 1084 ——

190 1122 232 1148 est
256 1118 478 1148 nominandum.
526 1117 586 1148 Hic
606 1117 726 1158 quidem
751 1118 818 1148 Iani
839 1128 947 1148 nomen
972 1118 1010 1148 ab
1034 1119 1132 1148 eundo
1156 1129 1218 1149 esse
1238 1118 1360 1149 ductum
1385 1121 1469 1160 putat
1493 1118 1544 1158 (N.
1566 1118 1601 1148 D.

190 1176 230 1216 II,
254 1187 269 1207 c
303 1177 342 1207 27
369 1177 385 1216 ξ
406 1176 469 1216 67).
518 1176 574 1207 Sed
610 1176 714 1217 quanti
751 1175 854 1206 Cicero
890 1175 1076 1216 etymologus
1096 1176 1251 1207 habendus
1275 1176 1313 1207 sit
1338 1176 1502 1218 perspicere
1525 1176 1602 1216 licet,

191 1234 214 1264 si
235 1234 453 1265 consideramus
473 1234 591 1274 reliqua
614 1234 735 1264 deorum
760 1234 882 1264 nomina
899 1235 936 1264 ab
955 1234 1057 1264 eodem
1083 1235 1130 1271 (ib.
1155 1245 1178 1264 c.
1205 1235 1256 1274 25,
1279 1235 1333 1273 26)
1357 1238 1507 1264 enarrata:
1532 1244 1602 1264 nam

191 1302 250 1322 non
274 1292 369 1332 magis
397 1295 440 1322 est
475 1291 656 1322 credendum
692 1291 837 1331 Ciceroni,
873 1292 983 1322 dicenti
1015 1291 1122 1322 Ianum
1148 1292 1186 1322 ab
1210 1292 1306 1322 eundo
1330 1292 1516 1323 nominatum
1541 1302 1603 1322 esse

191 1361 280 1390 quam
304 1350 453 1381 Venerem
477 1361 495 1380 a
518 1351 676 1380 renimedo:
717 1350 799 1389 ”qum
835 1354 933 1380 autem
964 1351 1021 1380 dea
1046 1351 1087 1381 ad
1111 1361 1161 1380 res
1180 1361 1281 1380 omnes
1305 1352 1429 1388 veniret,
1461 1350 1603 1380 Venerem

192 1408 289 1437 nostri
313 1406 565 1438 mmmmm-vm?
590 1407 637 1445 (N.
663 1407 697 1438 D.
723 1407 755 1438 II
779 1408 796 1447 ξ
821 1408 883 1444 69).
924 1428 962 1431 —
1000 1407 1161 1446 ”Iuppiter
1187 1418 1261 1444 vero,
1289 1408 1393 1448 inquit,
1421 1410 1465 1438 est
1493 1408 1604 1438 iuvans

187 1469 285 1504 pater.
333 1465 477 1496 Iunonem
513 1476 629 1506 quoque
665 1476 682 1496 a
710 1467 845 1496 iuvando
873 1466 1058 1497 nominatam
1083 1469 1112 1496 et
1135 1465 1311 1507 Neptunum
1336 1476 1354 1496 a
1377 1466 1479 1496 nando
1503 1465 1603 1496 credit.

192 1522 315 1552 ”Mater
339 1526 439 1552 autem
464 1526 507 1552 est
532 1534 551 1552 (ι
573 1524 717 1560 (serendis
734 1523 886 1559 fru'qe'bns
907 1523 996 1552 Ceres
1017 1526 1173 1561 tamquam
1198 1524 1301 1553 Geres.
1333 1541 1368 1545 —-
1397 1541 1437 1545 —
1464 1522 1532 1553 Iam
1553 1524 1605 1562 qui

192 1590 303 1618 mamm
327 1583 455 1610 verteret
480 1580 624 1610 Mavors:
650 1580 797 1610 filimere-a
824 1583 932 1619 autem,
957 1590 1034 1618 quac
1058 1581 1103 1610 vel
1123 1581 1273 1610 minueret
1297 1580 1343 1610 vel
1366 1580 1558 1610 minaretur-'K

276 1637 321 1669 Re
346 1648 416 1668 vera
439 1641 537 1668 autem
563 1637 630 1668 Iani
655 1637 784 1668 nominis
808 1637 911 1676 forma,
935 1637 959 1668 si
979 1638 1017 1668 ab
1034 1637 1129 1669 eundo
1153 1640 1229 1669 esset
1253 1637 1382 1677 ductum,
1406 1637 1443 1668 ad
1467 1637 1605 1668 similitu-

193 1696 292 1725 dinem
317 1696 486 1734 formarum,
510 1706 586 1735 quae
610 1699 680 1725 sunt
705 1697 814 1734 euntis,
843 1697 947 1734 eundo,
964 1705 1076 1734 camene,
1093 1696 1155 1725 veri
1181 1695 1317 1725 similiter
1341 1697 1415 1725 esset
1434 1695 1552 1725 redacta
1576 1699 1606 1725 et

194 1753 305 1783 Eanus
329 1753 472 1783 sonuisset
497 1753 554 1788 (cfr
579 1753 713 1792 Corssen,
741 1753 831 1783 Beitr.
857 1763 909 1782 zur
933 1753 969 1783 It.
995 1752 1139 1793 Sprachk.
1162 1764 1188 1793 p.
1218 1752 1296 1791 352)
1323 1771 1361 1774 —
1389 1752 1466 1792 quod
1486 1752 1605 1793 quidem

195 1811 334 1842 Cornifici
359 1812 448 1842 verba
472 1812 614 1846 (Macrob.
641 1812 757 1842 Saturn.
782 1811 806 1851 Ι,
836 1812 899 1851 11);
936 1811 1039 1842 Cicero
1068 1821 1127 1841 mm
1152 1810 1265 1841 Ianum
1290 1811 1343 1841 sed
1360 1810 1483 1841 Eanum
1497 1811 1539 1851 *),
1555 1821 1606 1841 no-

195 1870 294 1898 minat
319 1869 354 1899 ab
379 1870 474 1899 eundo
499 1870 555 1900 sibi
580 1870 656 1900 velle
682 1870 829 1909 videntur,
858 1873 890 1899 ut
928 1868 1141 1910 pronominalis
1165 1878 1281 1909 quoque
1301 1868 1387 1898 radix
1411 1870 1423 1898 i
1446 1869 1555 1900 formas
1580 1879 1607 1898 e-

195 1937 290 1966 orum,
315 1937 430 1957 c-arum
457 1930 510 1958 cet.
536 1928 663 1968 praebet.
712 1927 769 1958 Sed
794 1927 853 1958 iam
879 1937 931 1968 per
959 1937 989 1957 se
1014 1937 1121 1957 nomen
1146 1925 1237 1956 ''iens'⁷
1261 1925 1432 1965 significans
1452 1936 1512 1957 non
1536 1925 1607 1957 satis

196 1986 321 2025 dignum
356 1989 398 2015 est
433 1985 581 2016 maiestati
618 1986 663 2015 dei
688 1986 768 2016 illius
799 1995 940 2016 summae.
992 1984 1075 2020 Quod
1100 1994 1169 2014 vero
1193 1983 1271 2013 idem
1297 1984 1392 2023 magis
1415 1984 1504 2014 etiam
1529 1983 1607 2014 cadit

269 2121 294 2153 ’ἢ
315 2121 363 2145 Sed
382 2121 457 2153 plane
477 2121 538 2146 ficta
558 2124 596 2146 est
617 2121 698 2145 forma
718 2106 826 2149 istasut
848 2119 897 2144 iam
918 2119 984 2144 vidit
1004 2120 1066 2144 Pott
1087 2118 1195 2151 (szb.
1216 2118 1236 2147 I,
1256 2117 1308 2141 965
1321 2118 1400 2142 -cfr.
1422 2118 1504 2142 Corss.
1525 2115 1606 2141 Beitr.

197 2174 219 2189 Ζ.
240 2165 271 2188 It.
293 2165 349 2197 Spr.
369 2174 393 2197 p.
413 2165 464 2189 352
485 2174 544 2190 ann.
