1773 2449
144 90 186 120 28
786 101 809 123 S.
824 100 909 123 Lindo.

141 179 310 219 Praeterea,
334 177 448 208 etiamsi
472 177 588 217 antiqui
612 176 730 215 formas,
754 176 857 216 quales
877 179 946 207 sunt
962 177 1071 215 deivos,
1084 176 1184 215 divus,
1200 176 1359 217 praecipue
1374 176 1556 216 usurparint,

141 236 194 267 vix
219 236 334 278 poetico
360 234 487 266 sermoni
518 253 557 256 —
583 244 621 264 ne
657 233 864 274 antiquissimo
898 233 1018 274 quidem
1047 251 1087 255 —
1116 232 1212 263 forma
1235 232 1328 263 levior
1352 233 1427 262 deus
1443 232 1476 271 *)
1501 232 1557 272 (cfr

140 294 231 325 etiam
269 295 382 334 Henry‚
418 293 598 333 grammaire
634 302 727 334 comp.
755 292 805 323 lat.
831 295 860 323 et
883 302 926 332 gr.
952 303 977 333 p.
1003 291 1045 322 48
1070 294 1149 329 ann.)
1174 294 1218 322 est
1242 290 1449 330 abiudicanda,
1474 301 1557 332 prae-

141 352 245 382 sertim
266 362 331 382 cum
355 350 516 381 formarum
545 350 740 380 verborumve
772 352 950 380 vetustatem
978 348 1198 379 accuratissime
1223 348 1357 389 persequi
1379 359 1438 379 non
1464 348 1556 389 possi-

142 420 216 441 mus.
264 410 309 439 Ac
333 418 436 438 revera
459 407 492 437 in
520 406 734 447 antiquissimis
769 407 940 447 linguarum
972 406 1106 447 reliquiis
1133 406 1253 446 formae,
1281 416 1356 447 quae
1380 406 1557 437 recentiores

142 477 205 497 esse
229 463 373 504 videntur,
398 475 484 505 saepe
509 464 713 503 inveniuntur,
737 468 770 494 ut
794 465 825 494 in
849 464 1031 494 carminibus
1055 464 1166 494 vedicis
1190 464 1270 494 haud
1290 474 1357 494 raro
1381 464 1420 493 fit.

234 523 355 554 Jordan
380 532 449 553 vero
473 520 565 562 (Krit.
590 521 680 552 Beitr.
706 533 732 564 p.
760 522 838 561 222)
862 524 891 552 et
915 521 1005 552 ceteri
1030 521 1124 552 critici
1145 521 1261 563 providi
1277 521 1414 561 cautique
1431 531 1449 551 a
1465 521 1556 551 sacris

143 582 274 623 reliquiis
298 591 402 611 manus
426 580 635 611 abstinuerunt
659 584 757 621 atque,
782 583 814 611 ut
838 580 930 620 decet,
946 576 1116 611 immutatas
1133 579 1315 620 reliquerunt
1333 589 1418 610 voces
1435 579 1554 620 quidem

142 641 241 670 divom
265 640 324 669 deo.
372 639 419 669 Ac
439 649 506 669 cum
531 638 580 668 hie
606 649 708 669 versus
733 639 874 669 carminis
899 638 1044 669 Saliorum
1069 639 1153 679 quasi
1170 638 1395 668 fundamentum
1412 638 1451 669 sit
1467 648 1556 678 quae-

142 698 244 729 stionis
268 700 393 736 nostrae,
429 697 608 738 scripturam
645 696 776 727 codicum
808 697 929 736 gravius
965 696 1130 736 defendam,
1158 696 1331 738 praesertim
1355 696 1380 727 si
1404 699 1433 726 et
1457 706 1503 726 res
1527 699 1557 726 et

142 756 251 786 formae
275 758 353 785 recte
377 765 407 785 se
432 754 551 785 habent.
599 754 758 784 Praeterea
782 754 842 784 iam
867 765 919 795 per
943 765 973 784 se
997 757 1120 795 apparet
1137 753 1231 795 pluris
1247 764 1309 784 esse
1325 753 1555 783 existimandam

142 812 344 843 auctoritatem
369 812 502 842 codicum
527 822 616 852 quam
642 812 798 842 arbitrium
824 812 1001 842 criticorum.
1026 829 1069 832 —
1093 811 1226 842 Jordano
1243 814 1343 841 tamen
1360 811 1555 850 grammatica

142 870 193 900 illa
217 870 311 909 figura
336 869 415 900 ‘deus
439 869 567 900 deorum'
594 869 668 899 mira
693 873 736 900 est
761 870 834 909 visa,
858 880 947 910 quam
972 869 1049 900 male
1078 869 1120 899 ita
1148 869 1371 910 interpretatur:
1407 869 1463 898 der
1487 868 1556 898 Gott

143 937 198 957 aas
229 928 284 957 der
319 927 400 957 Zahl
424 928 480 957 der
515 928 714 965 unyezavhlten
743 927 977 966 Himmliscken,
1002 927 1126 957 reiciens
1154 937 1274 957 sensum
1298 927 1382 967 quasi
1407 936 1425 956 a
1449 929 1554 956 natura

142 985 250 1024 datum,
274 995 332 1025 quo
356 984 434 1014 idem
458 984 532 1015 haec
556 984 684 1015 formula
713 984 824 1015 valeret
852 988 940 1025 atque
961 986 1115 1025 βασιλεὺς
1133 985 1299 1024 βασιλέων
1323 984 1421 1024 graeci
1446 995 1555 1015 sermo-

141 1043 195 1081 nis,
219 1052 285 1072 cum
311 1042 469 1072 Homerico
493 1042 545 1072 illo
569 1042 622 1072 ὁῑα
648 1043 759 1074 θεάων
783 1043 905 1073 confert.

230 1099 287 1129 Sed
310 1099 345 1129 de
366 1099 539 1139 integritate
574 1099 662 1130 huius
698 1101 912 1139 grammaticae
947 1101 1059 1140 figurae
1089 1100 1119 1130 in
1150 1100 1242 1131 latino
1270 1111 1404 1131 sermone
1428 1111 1487 1130 non
1512 1104 1556 1131 est

141 1156 341 1187 dubitandum.
389 1156 508 1198 Optime
544 1157 622 1188 enim
659 1168 689 1188 se
726 1157 815 1188 habet
849 1157 923 1188 illud
955 1157 1034 1189 ’deus
1066 1157 1202 1189 deorum‘.
1254 1157 1309 1189 Est
1344 1157 1440 1198 figura
1467 1157 1555 1199 plane

140 1215 380 1255 indogermanica
405 1234 437 1238 -
464 1215 626 1246 occidentis
650 1219 678 1246 et
702 1216 824 1247 orientis
852 1227 944 1257 aeque
973 1216 1101 1257 propria,
1126 1227 1196 1247 nam
1221 1216 1252 1247 in
1273 1216 1384 1256 linguis
1407 1216 1502 1247 latina
1526 1220 1555 1247 et

138 1282 244 1313 graeca
275 1283 335 1303 non
371 1272 470 1303 minus
494 1283 583 1314 quam
610 1273 641 1303 in
666 1274 810 1304 sanserita
834 1277 863 1304 et
888 1274 1003 1315 persica
1027 1274 1240 1315 frequentatur.
1288 1273 1384 1305 Immo
1408 1275 1498 1305 etiam
1523 1275 1553 1305 in

138 1330 258 1371 hymnis
283 1330 393 1361 vedicis
417 1330 491 1361 haec
514 1330 654 1372 loquendi
679 1332 806 1363 formula
830 1332 918 1363 obvia
942 1335 994 1372 est,
1014 1343 1082 1364 nam
1112 1333 1183 1363 devo
1207 1331 1371 1364 devd-mm
1396 1333 1554 1375 compluri-

138 1389 191 1418 bus
215 1388 286 1419 locis
311 1388 429 1428 legitur,
454 1399 477 1419 e.
503 1399 545 1428 gr.
570 1389 638 1419 RV.
665 1389 688 1428 I,
715 1390 765 1429 31,
794 1391 822 1428 13
848 1391 899 1429 68,
926 1391 959 1428 23
985 1391 1037 1430 94,
1065 1391 1113 1420 13.
1161 1391 1197 1420 In
1222 1391 1465 1431 inscriptionibus
1490 1402 1554 1432 per-

138 1445 204 1476 sicis
228 1445 390 1476 eonsimilis
415 1445 512 1485 figura
537 1446 644 1476 iterum
670 1450 759 1487 atque
784 1447 889 1477 iterum
914 1448 1067 1488 repetitur:
1096 1448 1322 1487 khshoyatkiya
1338 1449 1554 1488 khshayathiy-

138 1505 228 1533 timim
254 1503 271 1533 i.
296 1514 319 1534 e.
342 1514 395 1533 rex
420 1514 523 1544 regum
550 1504 621 1544 (vid.
643 1504 770 1546 Spiegel,
791 1505 918 1546 Altpers.
944 1505 1126 1536 Keilinschr.
1152 1517 1177 1547 p.
1204 1506 1232 1545 Q,
1257 1506 1309 1545 402,
1334 1506 1386 1545 46,
1411 1506 1453 1536 48
1478 1510 1553 1544 cet).

138 1561 186 1591 Ab
210 1564 306 1592 aetate
331 1561 423 1602 igitur
448 1562 589 1593 carminis
614 1562 736 1593 Saliaris
765 1563 865 1593 aliena
881 1574 940 1594 non
961 1567 1004 1594 est
1021 1563 1160 1604 loquendi
1179 1563 1304 1594 formula
1321 1563 1400 1595 'deus
1416 1564 1553 1605 deorum',

137 1623 169 1649 ut
192 1624 340 1649 asseverat
365 1619 481 1650 Zander
505 1620 535 1660 (l.
561 1631 584 1650 c.
613 1620 675 1660 55),
711 1631 780 1651 nam
819 1621 924 1662 hymni
956 1622 1058 1661 vedici,
1094 1633 1168 1663 quos
1196 1622 1299 1653 eodem
1328 1622 1399 1653 vitio
1420 1622 1553 1654 laborare

138 1676 272 1716 vidimus,
308 1676 422 1707 duobus
448 1676 507 1707 fere
532 1677 664 1708 millibus
693 1688 840 1708 annorum
869 1682 937 1708 ante
966 1678 1118 1709 Christum
1140 1683 1242 1710 natum
1265 1679 1356 1719 vulgo
1380 1684 1553 1721 repetuntur

118 1733 301 1774 '(Whitney,
326 1733 466 1765 Indische
490 1734 624 1766 Gramm.
646 1747 672 1776 p.
693 1735 794 1774 XVI).
842 1736 945 1777 Neque
970 1737 1064 1768 multo
1088 1738 1265 1769 recentiores
1282 1738 1412 1779 persicae
1429 1738 1553 1779 inscrip-

138 1790 231 1821 tiones
262 1791 427 1832 appellatae
460 1793 591 1823 carmine
616 1793 723 1824 Saliari
741 1794 905 1824 existimari
938 1795 1053 1825 debent.
1101 1795 1215 1836 Itaque,
1244 1795 1322 1836 quod
1357 1796 1395 1825 ad
1426 1798 1551 1826 aetatem

138 1847 252 1886 attinet,
276 1848 355 1879 notio
381 1849 460 1879 ’deus
485 1849 616 1880 dcoruni'
641 1861 699 1881 non
724 1855 768 1881 est
793 1851 1042 1891 reprehendenda.
1090 1852 1147 1882 Sed
1171 1853 1266 1893 ipsam
1291 1853 1457 1891 formulam,
1474 1863 1552 1883 eam-

137 1915 194 1944 que
218 1904 389 1945 legitimam,
405 1906 495 1937 etiam
511 1907 607 1948 carpit
619 1907 735 1938 Zander
754 1908 786 1947 (l.
813 1909 857 1947 c.)‚
882 1909 1050 1949 posterioris
1076 1909 1232 1940 latinitatis
1245 1920 1309 1940 eam
1323 1921 1385 1941 esse
1398 1910 1551 1942 affirmans

209 2056 234 2087 ιΜ)
254 2057 376 2082 Attamen
396 2059 519 2083 eiusmodi
540 2061 679 2084 formarum
700 2060 853 2084 vicissitudo
882 2062 959 2085 ctiam
980 2063 1049 2094 apud
1069 2063 1190 2086 Plautum
1212 2063 1335 2092 cernitur,
1355 2072 1376 2088 e.
1397 2072 1435 2095 gr.
1457 2064 1550 2097 Amph.

134 2107 158 2123 v.
180 2099 214 2123 45
234 2100 337 2125 deorum
357 2104 382 2125 et
403 2102 437 2127 53
457 2102 520 2127 deus
540 2102 584 2126 sed
604 2112 627 2126 v⁴
650 2103 683 2127 57
704 2104 776 2129 divos
798 2118 821 2121 —-
844 2108 922 2137 atque
951 2105 977 2129 in
1007 2106 1176 2139 inscriptione
1201 2107 1264 2131 satis
1284 2107 1392 2139 antiqua
1422 2108 1459 2139 (C.
1481 2108 1500 2132 Ι.
1521 2108 1550 2132 L.

137 2142 157 2171 Ι,
178 2143 241 2176 632)
262 2144 305 2169 deo
325 2147 350 2169 et
370 2146 456 2171 deivai
475 2155 526 2171 una
546 2147 680 2178 leguntur:
700 2149 738 2173 sei
758 2148 803 2173 deo
821 2150 859 2173 sci
877 2149 972 2175 dese-ae.
