1773 2449
650 113 686 135 De
700 114 761 135 Iano
775 120 870 135 summo
884 113 1049 135 Romnum-um
1065 113 1117 135 deo.
1229 122 1232 125 ·
1548 98 1588 128 37

173 199 262 230 quam
286 199 362 230 quae
385 189 513 231 simplici
537 190 657 230 ingenio
684 189 837 220 hominum
867 189 1037 230 priscorum,
1064 189 1116 229 qui
1142 188 1262 229 quidem
1289 188 1386 219 media
1409 192 1495 219 nocte
1518 188 1589 219 solis

174 246 278 276 faciem
304 246 359 276 vix(
380 256 521 287 nmquam
545 250 768 288 conspexerant,
792 246 992 276 adiudicanda
1015 246 1060 276 sit.
1108 245 1305 282 Quadrifrons
1331 255 1362 276 re
1379 256 1449 275 vera
1469 246 1513 276 sol
1529 246 1586 276 dici

176 307 279 344 potest,
303 308 337 334 ut
360 303 412 345 qui
438 314 614 345 unoquoque
637 304 777 345 temporis
801 307 950 334 momento
963 303 992 333 in
1006 313 1108 334 omnes
1122 302 1226 333 mundi
1244 306 1342 344 partes
1362 302 1587 344 circumspiciat,

175 361 263 391 simul
300 361 331 391 in
367 361 510 392 orientem
546 365 575 392 et
610 361 791 402 occidentem
827 364 861 391 ut
885 361 916 391 in
940 361 1154 402 septentriones
1173 364 1202 391 et
1226 360 1381 391 meridiem
1405 359 1465 397 (ve-l
1488 360 1585 401 polum

174 418 350 460 australem)
385 422 520 461 spectans
554 419 712 460 omniaque
747 418 931 449 collustrans.
978 418 1074 455 Quam
1098 419 1135 449 ob
1160 429 1221 449 rem
1246 419 1284 448 ab
1312 418 1484 449 hominibus
1511 418 1588 448 anti-

173 476 330 517 quissimis,
353 477 460 518 quibus
479 477 548 507 deos
572 487 688 518 quoque
712 477 748 507 ad
770 476 933 507 humanam
950 477 1076 517 speciem
1097 476 1319 506 accommodare
1331 487 1404 517 opus
1421 479 1493 514 erat,
1509 475 1588 515 deus,

173 539 207 565 ut
219 535 319 566 omnia
333 535 452 575 videret,
464 535 563 567 oculos
583 539 612 566 et
636 535 726 566 facies
750 535 781 566 in
804 535 931 566 circuitu
956 535 1063 566 habere
1089 535 1253 566 necessario
1274 534 1490 566 existimandus
1514 538 1586 565 erat.

264 592 339 622 Cum
363 593 437 624 Iano
461 593 579 633 gemino
606 596 686 623 arcte
713 593 904 623 coniunctum
938 592 1028 632 vulgo
1060 593 1233 623 existimant
1264 592 1371 622 Ianum
1394 593 1588 631 matutinum,

172 661 258 691 quem
283 651 422 681 matutini
447 650 587 692 temporis
610 650 658 681 vel
678 650 799 681 luminis
823 654 936 692 patrem
962 650 1140 681 habuerunt.
1188 649 1267 680 Nam
1304 649 1346 680 ita
1381 649 1439 680 iam
1466 649 1587 681 Horati-

173 718 206 738 us
226 718 389 747 cognomen
414 707 488 737 illud
512 708 692 738 intellexisse
717 708 841 747 videtur,
865 718 933 738 cum
957 708 1029 747 (Sat.
1056 708 1097 747 ΙΙ,
1123 709 1152 746 6,
1171 708 1213 737 320
1237 709 1312 748 sqq.)
1336 708 1448 737 scribit:

389 804 546 833 Matutine
566 806 666 842 pater,
690 814 743 834 seu
768 802 844 834 Iane
869 804 1012 834 libentius
1037 804 1139 840 audis,

393 861 476 890 Unde
500 861 633 890 homines
657 870 780 898 operum
801 862 919 898 primos
946 862 1080 899 vitaeque
1100 861 1218 890 labores

388 918 559 949 [restituunt
585 937 624 941 -
650 920 694 949 sic
718 919 767 949 dis
783 919 935 957 placitum
961 938 1000 941 —-
1027 922 1058 949 tu
1083 919 1236 949 carminis
1264 922 1323 949 esto

391 976 585 1016 Principium
612 996 651 999 —
683 996 722 1000 —-
751 996 790 999 —
818 996 858 999 —

255 1080 322 1110 Non
348 1080 441 1111 multo
465 1080 551 1110 aliter
574 1080 664 1111 sentit
688 1080 896 1119 Buttmannus,
920 1081 970 1121 qui
995 1080 1133 1121 (Mythol.
1160 1081 1191 1111 ΙΙ
1217 1092 1243 1122 p.
1260 1081 1314 1119 76)
1340 1080 1446 1110 Ianum
1466 1079 1585 1110 matuti-

171 1148 241 1167 num
278 1138 412 1169 homines
447 1138 509 1168 deis
544 1138 600 1168 diei
640 1137 835 1178 ingredientis
875 1138 991 1168 tradere
1031 1138 1110 1177 dicit,
1146 1149 1292 1179 quemque
1333 1138 1429 1179 primo
1468 1148 1583 1178 quoque

171 1206 257 1226 manc
282 1196 416 1227 homines
441 1196 578 1226 invocare
602 1195 736 1227 solebant
760 1195 923 1236 (Hartung.
948 1195 1012 1226 Rel.
1030 1196 1057 1227 d.
1084 1196 1169 1227 Rom.
1193 1196 1224 1226 II
1250 1208 1276 1237 p.
1303 1196 1363 1226 2021
1395 1215 1434 1218 -
1459 1194 1582 1233 Heffter,

170 1253 233 1284 Rel.
270 1254 296 1284 d.
333 1253 482 1285 Griechen
518 1264 545 1284 u.
581 1253 691 1284 Rbmer
720 1265 745 1295 p.
772 1253 846 1293 567,
872 1273 911 1276 —
939 1253 1060 1291 Preller,
1084 1254 1169 1284 Rom.
1194 1254 1313 1295 Myth.³
1334 1253 1349 1283 I
1375 1265 1401 1295 p.
1434 1254 1494 1283 169
1520 1253 1584 1293 sq),

170 1315 202 1341 ut
225 1311 319 1341 labori
344 1311 564 1352 industriaeque
589 1311 720 1352 ipsorum
745 1311 924 1352 prospiceret
947 1312 1143 1352 efficeretque,
1168 1316 1200 1342 ut
1224 1312 1324 1342 omnia
1348 1312 1426 1341 facta
1450 1316 1478 1341 et
1503 1310 1583 1350 eogi-

171 1371 232 1399 tata
256 1378 393 1410 prospere
417 1368 599 1409 feliciterque
623 1368 784 1399 evenirent.

256 1426 383 1455 Clmrles
420 1426 509 1455 Ploix
542 1425 666 1462 (Nature
702 1426 753 1456 des
781 1426 871 1456 dieux
895 1437 921 1467 p.
951 1426 1034 1465 100),
1058 1427 1109 1467 qui
1133 1427 1240 1457 Ianum
1266 1437 1317 1468 pro
1341 1427 1395 1457 deo
1419 1425 1583 1466 crepusculi

170 1483 267 1522 habet,
291 1482 421 1513 affirmat
441 1494 604 1524 cognomen
629 1483 703 1514 illud
728 1484 874 1514 matutini
898 1484 985 1525 plane
1009 1484 1161 1515 ostendere
1181 1484 1288 1514 Ianum
1305 1483 1469 1525 crepusculi
1488 1483 1581 1512 vicem

170 1545 448 1582 repraesentantem,
472 1552 562 1583 quare
575 1541 666 1574 Ianus
676 1542 821 1583 geminus,
834 1542 892 1583 ‘qui
921 1553 1036 1584 semper
1061 1543 1141 1574 videt
1161 1544 1228 1583 ἅμα
1248 1545 1362 1583 πρόσω
1382 1546 1434 1575 καὶ
1450 1541 1582 1572 ὀπίσσω

170 1599 248 1637 (Seu.
286 1600 321 1629 de
350 1603 432 1630 mort.
461 1599 564 1630 Claud.
593 1601 634 1639 9),
660 1601 847 1631 meritissimo
872 1602 971 1632 vocari
998 1612 1079 1642 posse
1104 1602 1268 1642 crepusculi
1293 1602 1432 1632 matutini
1463 1608 1491 1633 et
1520 1613 1583 1633 ves-

170 1656 277 1697 pertini
314 1657 443 1687 vicarius
467 1657 493 1687 ei
511 1657 634 1688 videtur.
681 1658 738 1688 Sed
762 1658 786 1689 si
812 1659 1034 1689 meminerimus
1059 1659 1157 1689 virum
1182 1659 1267 1689 illum
1291 1660 1494 1690 doctissimum
1518 1671 1579 1691 om-

170 1725 222 1745 nes
246 1713 315 1745 deos
338 1714 417 1754 Iove,
441 1715 590 1756 Neptuno,
617 1715 743 1746 Plutone
767 1716 898 1757 exceptis
922 1727 976 1757 pro
1000 1717 1062 1747 deis
1083 1717 1247 1757 crepusculi
1267 1717 1384 1756 habere,
1413 1717 1497 1748 nulla
1521 1718 1581 1748 fere

168 1774 212 1802 est
247 1782 343 1811 causa,
379 1782 432 1802 cur
463 1772 558 1803 multa
593 1773 664 1804 fides
699 1773 725 1804 ei
758 1773 910 1813 habeatur,
934 1774 1043 1815 quippe
1067 1774 1118 1815 qui
1145 1785 1190 1805 res
1216 1775 1435 1815 mythologicas
1459 1786 1518 1806 non
1543 1777 1581 1806 ab

168 1829 249 1859 omni
274 1832 357 1870 parte
381 1830 530 1870 ponderet,
554 1831 604 1861 sed
630 1831 659 1861 in
685 1842 745 1861 una
768 1832 851 1872 quasi
877 1832 1003 1862 haereat.
1052 1833 1098 1862 Ae
1123 1843 1160 1863 ne
1184 1833 1254 1863 solis
1277 1833 1398 1873 quidem
1423 1834 1494 1864 deus
1515 1844 1582 1873 cog-

170 1886 288 1917 nomine
313 1887 451 1917 matutini
476 1887 567 1919 Ianus
602 1899 664 1919 esse
700 1889 895 1930 convincitur,
930 1889 1008 1931 quod
1044 1890 1164 1931 quidem
1188 1901 1280 1931 aeque
1306 1891 1379 1921 bene
1404 1891 1441 1922 ad
1466 1891 1580 1922 caelum

168 1954 305 1975 serenum
329 1944 377 1975 vel
400 1945 496 1976 lucem
531 1946 686 1977 caelestem
723 1947 858 1987 quadrat,
892 1948 1002 1989 quippe
1031 1959 1100 1979 cum
1129 1948 1263 1990 Iuppiter
1287 1949 1357 1990 ipse,
1381 1960 1468 1990 quem
1494 1960 1580 1979 nemo

169 2001 229 2032 fere
241 2002 356 2032 dubitat
368 2002 441 2033 caeli
454 2003 604 2044 appellare
617 2004 712 2044 deum,
729 2005 869 2035 matutini
882 2016 1045 2046 cognomen
1059 2006 1147 2037 etiam
1166 2006 1255 2037 habet
1267 2006 1405 2044 (Martial.
1421 2006 1474 2046 IV,
1497 2008 1529 2046 8)
1542 2006 1578 2046 *).

241 2116 268 2149 *)
535 2119 609 2144 Tunc
628 2119 734 2145 admitte
753 2121 831 2145 iocos:
849 2128 942 2151 yressu
962 2122 1030 2146 timet
1049 2123 1087 2146 ire
1106 2122 1196 2147 licenti

538 2162 582 2188 Ad
600 2164 757 2189 matutinum
777 2166 866 2189 nostra
886 2164 981 2190 Thalia
1002 2164 1092 2190 Iovem.
