1773 2449
1543 88 1586 119 25

642 105 678 127 De
692 105 753 127 Iano
768 112 863 127 summo
879 105 1046 128 Romanorum
1062 106 1115 128 deo.

167 184 321 223 spectasse,
345 191 415 210 nam
427 179 485 210 nisi
497 180 662 215 sacerdotes
675 164 768 222 ipsius
777 180 852 211 Iano
864 180 1004 211 creatoris
1024 191 1179 221 personam
1190 180 1369 219 tribuissent,
1383 180 1449 220 quis
1462 179 1584 210 tandem

168 237 338 268 tribuisset?
384 236 450 267 Hoc
474 247 512 267 ex
524 236 604 268 fonte
617 236 757 268 credibile
769 240 813 268 est
824 240 926 278 poetas
939 237 1114 278 posteriores
1128 236 1294 267 doctrinam
1306 247 1390 268 suam
1403 237 1582 278 repetivisse.

259 294 355 325 Gerus
386 305 464 333 vero,
499 294 577 335 quod
605 294 782 326 vocabulum
811 295 916 326 Festus
940 294 1016 325 idem
1042 298 1131 336 atque
1156 297 1317 325 creatorem
1341 294 1509 335 significare
1531 295 1582 334 ait,

168 352 206 383 ad
230 351 360 383 radicem
395 362 448 391 qer
475 363 563 393 agere
599 353 726 395 perbene
758 352 861 384 referri
887 356 988 395 potest⁷
1013 363 1123 384 sanscr.
1152 353 1217 392 kar,
1241 362 1318 394 quae
1341 352 1431 382 etiam
1455 353 1582 383 occurrit

167 410 199 440 in
223 420 266 450 gr.
290 412 429 451 Κρόνος,
455 411 502 441 cui
526 411 637 442 formae
661 411 818 453 respondet
842 421 896 442 scr.
921 411 1051 442 Krc‘mcis
1079 422 1179 452 agens,
1216 410 1344 451 sedulus⁷
1368 410 1514 441 studiosus
1530 411 1583 448 (cfr

168 467 353 507 Brugmann,
377 467 507 498 Grundr.
532 468 559 498 d.
583 469 644 508 vgl.
668 468 721 498 Gr.
746 480 772 509 p.
801 469 864 499 142
889 470 951 509 sq.).

258 524 397 566 Nomina,
410 536 485 567 quae
498 529 567 557 sunt
580 530 668 557 ce'rus
680 529 710 556 et
722 525 833 565 Cer-es,
849 528 978 566 cognata
1000 536 1062 557 esse
1086 536 1152 556 cum
1174 524 1318 557 Corsseno
1331 525 1360 565 *)
1383 525 1530 565 existimo,
1554 528 1583 555 et

169 581 245 612 idem
260 582 320 612 fere
332 583 509 622 significant.
534 583 630 613 Gerus
642 583 734 623 igitur
746 586 859 614 creator
871 587 918 614 est
941 587 970 614 et
993 583 1082 614 Ceres
1102 583 1188 624 quasi
1208 583 1264 614 dea
1287 583 1445 614 creationis
1469 587 1583 624 (perpe-

168 641 260 680 tuae);
284 639 413 671 mediam
437 640 545 672 radicis
563 640 688 671 formam
716 643 840 682 utraque
868 641 972 682 prabet
999 651 1066 681 vox,
1083 641 1153 671 dum
1169 644 1314 681 cognatae
1334 650 1420 671 voces
1440 646 1581 677 cr-e-are,

168 702 331 738 cr-e-a-tor‚
354 706 514 730 cr-e-scere
538 703 590 731 cet.
615 699 796 731 levissimam
812 700 924 731 habent
947 699 1080 731 sormam.
1116 699 1229 731 Vocem
1245 710 1324 739 vero⁷
1339 709 1415 741 quae
1429 702 1473 730 est
1485 702 1582 730 cetus:

168 758 290 794 creator,
314 766 382 786 cum
403 767 475 787 voce
499 757 560 796 illa,
584 766 660 797 quae
684 762 727 787 est
750 767 856 787 cerrus
880 757 927 787 vel
944 767 1031 787 cerus
1048 760 1083 795 (e.
1101 768 1144 796 gr.
1162 758 1193 786 in
1210 757 1397 794 ceri-monia)
1414 768 1441 784 >
1457 757 1581 794 *cersus‚

167 812 262 843 umbr.
287 813 407 854 Qerfus,
430 814 509 845 unde
529 814 586 856 adj.
611 815 728 855 serfius,
751 825 808 846 osc.
832 814 912 846 kerri
937 815 1078 856 [ξω-111111,
1102 814 1235 855 kerri11'11‚
1266 814 1390 854 kerrfiis,
1424 823 1500 855 quae
1520 812 1581 854 epi-

168 870 251 901 theta
275 871 337 902 deis
362 872 511 902 adduntur
535 874 603 909 (tab.
629 873 743 913 Agn.)]‚
768 877 925 913 cognatam
952 884 1015 904 esse
1043 884 1101 904 non
1127 873 1221 912 credo,
1245 876 1278 903 ut
1301 872 1368 902 vult
1392 871 1480 902 Breal
1505 870 1580 908 (Me-

167 928 259 959 moire
294 928 329 960 de
361 929 390 960 la
425 929 537 961 Societe
565 930 601 961 de
629 930 736 971 Lingu.
764 930 811 961 IV
839 942 865 972 p.
894 930 956 961 142
981 934 1010 961 et
1033 930 1110 961 Dict.
1135 934 1224 972 etym.
1249 929 1298 961 lat
1323 940 1344 960 S.
1370 932 1417 970 v.).
1465 928 1580 959 Cerrus

166 987 245 1016 enim
270 987 347 1018 idem
373 992 461 1029 atque
481 991 591 1027 genius
626 989 673 1020 vel
701 992 826 1029 δαίμων
844 993 896 1029 est⁷
920 990 1014 1021 bonus
1040 989 1172 1020 malusve
1183 989 1230 1028 **)
1253 988 1311 1027 (cfr
1335 988 1386 1018 lat.
1412 988 1538 1019 cerritus
1553 1001 1580 1010 =

167 1044 267 1083 (malo)
291 1045 379 1085 genio
402 1046 544 1087 affectus),
568 1058 659 1088 quare
683 1057 789 1077 cerrus
812 1049 853 1087 (>
865 1047 1005 1086 *cer-sus)
1030 1047 1127 1088 potius
1146 1057 1213 1077 cum
1235 1046 1291 1076 dea
1306 1055 1488 1086 graecorum,
1504 1055 1581 1085 quae

165 1105 208 1133 est
232 1105 314 1144 Κήρ,
340 1104 395 1135 dea
418 1105 520 1136 mortis
546 1124 586 1128 —
612 1105 659 1136 cui
684 1105 748 1136 voci
773 1108 900 1146 cognata
923 1109 993 1136 sunt
1005 1105 1096 1136 verba
1112 1107 1255 1146 myQalvm
1272 1114 1376 1135 nocere
1396 1107 1426 1135 et
1445 1102 1581 1143 ὰκὴριοσ

165 1160 324 1191 inviolatus
349 1162 403 1198 (cfr
426 1162 561 1201 Corssen,
583 1163 706 1204 Ausspr.
722 1161 731 1176 ²
755 1163 772 1193 Ι
796 1174 822 1204 p.
848 1164 914 1193 403
938 1167 968 1193 et
993 1164 1054 1193 521
1083 1164 1137 1203 sq.)
1162 1181 1202 1184 —-
1227 1162 1441 1193 conferendum
1466 1167 1543 1204 puto.

255 1217 408 1249 Derivatio
444 1222 542 1250 autem
566 1223 669 1250 nostra
699 1230 715 1250 e
742 1220 841 1250 radice
869 1230 921 1258 qer
949 1220 1038 1250 etiam
1063 1219 1306 1260 interpretatione
1330 1219 1411 1249 Festi
1435 1221 1474 1260 (p.
1503 1220 1579 1259 122)

164 1274 365 1305 confirmatur:
390 1276 424 1305 in
447 1277 584 1306 carmine
603 1276 726 1306 Saliari
750 1286 837 1307 cerus
860 1287 972 1307 mames
988 1278 1174 1314 intelliyitnr
1189 1280 1307 1306 creator
1324 1276 1425 1316 bonus,
1444 1295 1483 1299 -——
1502 1287 1578 1317 quae

164 1332 367 1373 interpretatio
404 1343 456 1364 cur
490 1333 522 1364 in
557 1333 771 1365 dubitationem
808 1337 936 1375 vocetur,
962 1345 1021 1366 non
1047 1333 1194 1375 intelligo3
1218 1344 1309 1375 quare
1334 1333 1498 1364 Buecheler
1521 1334 1578 1375 (cfr

163 1390 286 1430 Preller,
310 1390 394 1422 Rom.
419 1391 515 1432 Myth.
542 1393 551 1407 ³
577 1392 592 1422 I
616 1404 644 1434 p.
670 1393 711 1423 79
737 1403 806 1423 ann.
829 1393 861 1433 2)
884 1403 986 1424 cerum
1001 1393 1079 1424 idem
1106 1403 1168 1424 esse
1192 1396 1280 1433 atque
1300 1402 1415 1423 cerrum
1440 1392 1458 1423 i.
1483 1403 1506 1423 e.
1527 1403 1577 1433 ge-

163 1447 245 1478 nium
271 1459 331 1479 non
355 1452 433 1481 recte
457 1450 594 1481 statuisse
618 1450 693 1481 mihi
716 1451 842 1491 videtur,
870 1451 1043 1493 praesertim
1067 1461 1134 1481 cum
1159 1450 1225 1492 ipsa
1248 1449 1426 1490 significatio
1451 1450 1577 1491 (genius)

163 1516 182 1535 a
205 1507 337 1538 carmine
372 1508 445 1539 adeo
480 1508 603 1549 antiquo
639 1519 729 1550 quam
766 1509 950 1540 alienissima
972 1512 1024 1549 est⁷
1048 1519 1118 1539 nam
1146 1508 1218 1539 deus
1241 1518 1373 1539 summus
1394 1509 1504 1546 genius
1523 1508 1576 1538 vix

162 1574 304 1604 umquam
328 1568 372 1595 est
395 1565 572 1607 appellatus⁷
594 1552 674 1606 quod
701 1577 809 1597 nomen
837 1567 932 1607 magis
956 1567 994 1598 ad
1018 1567 1087 1598 deos
1111 1567 1259 1597 minorum
1285 1565 1420 1606 gentium
1444 1565 1575 1605 (Geister

161 1621 223 1651 und
259 1621 423 1663 Damonem
459 1623 517 1653 vid.
554 1623 676 1664 Preller‚
700 1624 718 1654 l.
743 1634 766 1654 c.
791 1635 817 1665 p.
844 1624 899 1664 75)
927 1625 1074 1664 convenit⁷
1110 1624 1206 1654 omnis
1240 1623 1320 1654 enim
1345 1623 1398 1653 illa
1421 1623 1573 1663 geniorum

162 1680 237 1711 ratio
261 1680 367 1711 aetatis
390 1680 484 1711 multo
508 1681 676 1722 posterioris
700 1681 747 1720 sit,
772 1685 817 1712 est
840 1692 966 1713 necesse.
1014 1682 1092 1712 Nam
1118 1682 1248 1712 incertae
1271 1681 1341 1711 illae
1364 1684 1394 1711 et
1413 1691 1507 1720 vagae
1523 1692 1575 1721 ge»

162 1736 278 1767 niorum
304 1737 488 1769 definitiones
512 1738 657 1769 Varronis
669 1738 731 1776 ***)
755 1739 835 1780 apud
858 1739 1065 1779 Augustinum
1088 1740 1124 1779 (c.
1149 1738 1175 1768 d.
1200 1737 1272 1777 VII,
1300 1738 1350 1774 13)
1374 1747 1435 1767 non
1459 1738 1497 1768 ab
1520 1748 1574 1768 an-

268 1848 296 1881 *)
316 1848 422 1880 Ausspr.
444 1847 453 1861 ²
474 1848 486 1872 Ι
505 1857 530 1881 p.
550 1848 603 1873 229
623 1857 681 1873 ann.
705 1864 734 1867 —
756 1849 826 1879 Quae
846 1848 1004 1873 contradixit
1024 1848 1124 1872 Zander
1144 1848 1173 1880 (l.
1195 1856 1215 1872 c,
1229 1856 1254 1880 p.
1269 1847 1317 1879 25)
1339 1846 1415 1871 facile
1435 1846 1573 1876 tolluntur,

161 1900 217 1916 cum
237 1894 263 1916 et
283 1900 371 1917 versus
390 1892 435 1916 ille
455 1892 594 1916 Saturnius
612 1895 639 1917 et
658 1901 708 1917 vox
724 1892 781 1925 ipsa
800 1900 875 1918 cerus
894 1892 940 1917 illo
959 1892 1015 1916 loco
1036 1892 1199 1916 coniecturae
1220 1891 1323 1923 (salsae)
1343 1890 1495 1914 debeantur.

251 1936 295 1970 ss)
316 1936 360 1961 Cfr
380 1936 450 1961 Serv.
472 1936 501 1960 V.
521 1935 586 1960 Aen.
607 1936 671 1961 743:
702 1944 760 1962 cum
782 1938 919 1962 nascimur
938 1937 1002 1961 duos
1017 1937 1108 1968 yenios
1126 1936 1257 1961 sortimur.
1301 1934 1374 1959 Unus
1393 1936 1430 1959 est
1449 1935 1496 1965 qui
1513 1934 1571 1958 hor-

159 1980 232 2004 tatur
250 1980 286 2004 ad
304 1981 380 2011 bona,
399 1980 467 2005 alter
485 1980 530 2011 qui
548 1980 674 2010 depravat
692 1980 728 2005 ad
746 1981 826 2005 mala.

232 2022 294 2055 ΜΙΊΨ)
315 2023 384 2054 Quid
402 2024 440 2047 est
456 2022 569 2053 qenins?
605 2022 680 2047 Deus
690 2024 735 2054 cst,
755 2024 850 2054 inquit,
870 2024 916 2054 qui
930 2023 1098 2055 praepositus
1117 2024 1153 2046 es!
1173 2030 1204 2046 ac
1213 2023 1265 2046 vim
1274 2021 1347 2045 habet
1358 2021 1472 2045 omnium
1483 2028 1570 2045 rerum

156 2066 358 2097 gignendarum.
370 2081 403 2085 —
418 2081 448 2085 —
463 2080 496 2085 —-
509 2065 560 2091 alio
580 2066 635 2091 loco
652 2067 758 2097 =‹Jem'um
777 2067 840 2092 dicit
862 2074 915 2092 esse
934 2067 1141 2096 uniuscuiusque
1160 2065 1278 2091 animum
1300 2063 1453 2089 rationalem
1473 2065 1496 2087 ct
1516 2063 1572 2087 ideo

158 2117 211 2134 esse
229 2111 347 2141 singulos
365 2104 543 2142 sinquloram:
561 2110 640 2135 talem
652 2112 738 2135 autem
747 2110 836 2135 mundi
856 2110 969 2135 animum
987 2110 1068 2135 Deum
1088 2117 1151 2139 esse,
1165 2108 1199 2133 ad
1211 2108 1259 2133 hoc
1272 2108 1339 2133 idem
1353 2107 1443 2140 utique
1456 2109 1571 2137 revocat,

160 2155 188 2177 ut
207 2155 339 2184 tamquam
368 2154 528 2179 universalis
553 2155 648 2186 genius
676 2155 732 2184 ipse
759 2155 853 2179 mundi
880 2155 986 2178 animus
1006 2161 1059 2176 esse
1079 2153 1210 2176 credatur.
1248 2152 1322 2176 Unde
1340 2151 1506 2184 pantheismi,
1525 2151 1570 2182 qui

245 2202 329 2224 Lunds
345 2203 419 2225 Univ.
436 2196 565 2225 Amkrift.
596 2203 663 2224 Tom.
679 2203 784 2224 xxvn.
1468 2201 1483 2222 4
