1773 2449
617 105 652 126 Do
668 105 728 127 Iano
743 112 838 127 summo
854 106 1020 128 Rom-nomm
1035 106 1086 128 deo.
1531 91 1573 121 39

161 183 234 213 luna
257 191 309 222 per
335 191 432 211 aerem
457 184 543 220 meat,
569 199 611 212 —.
637 199 677 204 —
708 200 746 203 —
772 181 848 211 Iuno
871 184 971 212 autem
991 182 1067 212 aeris
1091 181 1204 211 arbitra
1224 181 1283 211 est’.
1330 181 1434 223 Neque
1458 182 1484 212 is
1507 182 1574 223 qui-

162 239 227 269 dem
252 238 374 268 stoicam
402 248 462 268 non
486 238 619 278 sequitur
643 238 817 275 doctrinam,
841 241 873 268 ut
897 238 946 268 hic
969 238 1052 268 locus
1076 238 1227 268 Ciceronis
1250 238 1300 278 (N.
1325 238 1359 268 D.
1384 238 1415 268 ΙΙ
1439 250 1463 269 c.
1489 239 1531 269 26
1556 240 1573 279 ξ

163 296 219 335 66)
244 295 414 337 planissime
442 295 608 326 confirmat:
637 296 695 326 ’aer
719 299 826 335 autem,
851 299 884 326 ut
907 296 990 327 stoici
1015 296 1177 337 disputant7
1196 296 1367 326 interiectus
1391 296 1468 326 inter
1491 307 1571 327 mare

162 357 190 383 et
218 353 341 392 caelum⁷
369 353 493 384 Iunonis
513 354 633 383 nomine
652 357 852 393 consecratur;
872 364 948 394 quae
971 358 1015 384 est
1039 365 1120 385 soror
1144 357 1173 384 et
1197 354 1305 384 coniux
1330 353 1418 391 Iovis,
1443 355 1521 394 quod
1545 355 1570 384 ei

161 410 323 441 similitudo
358 414 401 441 est
436 410 563 441 aetheris
597 414 626 440 et
662 421 730 441 cum
764 421 798 441 eo
822 421 938 442 summa
960 411 1145 442 coniunctio'.
1193 411 1282 442 Stoici
1307 411 1407 451 igitur,
1432 415 1464 441 ut
1488 416 1572 442 erant

161 469 287 499 audaces
318 469 348 499 in
378 469 474 499 verbis
498 462 727 510 comparandiss
747 479 841 508 voces,
876 469 978 510 quales
1002 474 1071 500 sunt
1095 472 1157 511 ἀήρ
1181 473 1210 499 et
1234 469 1323 508 Ἦρα,
1349 469 1427 499 inter
1450 480 1481 499 se
1504 480 1572 499 con-

162 526 309 564 fuderunt,
337 536 445 566 easque
469 526 585 564 origine
609 530 638 556 et
659 526 687 556 vi
712 526 880 556 consimiles
900 527 1109 557 existimarunt
1135 545 1174 548 -—
1201 537 1258 567 quo
1282 530 1380 557 tamen
1407 526 1483 556 nihil
1508 537 1573 567 per-

162 584 282 614 versius.
331 584 376 614 Ac
409 594 475 614 cum
511 587 653 625 appareat
688 587 825 614 naturam
862 584 934 614 deae
958 595 1095 615 concessa
1120 594 1226 614 vocum
1251 584 1371 614 illarum
1395 583 1573 623 cognatione

161 652 210 672 eos
234 641 380 679 statuisse,
406 641 465 672 iam
490 651 541 682 per
565 651 596 672 se
610 640 805 681 intelligitur,
826 642 929 682 quanti
956 641 1092 672 habenda
1115 642 1154 672 sit
1177 641 1278 683 opinio
1303 642 1366 672 ista.

246 698 351 737 Magni
385 698 525 728 momenti
555 708 613 728 non
639 702 708 729 sunt
730 709 806 739 quae
830 699 949 730 Servius
973 699 1077 738 (Verg.
1102 700 1179 729 Aen.
1204 699 1275 738 VII,
1301 699 1379 736 610)
1403 699 1439 729 ad
1465 709 1572 738 cogno-

162 766 229 786 men
265 755 338 786 illud
371 755 581 786 declarandum
620 756 765 797 perhibet:
802 756 894 787 'Idem
933 756 1091 795 Iunonius,
1128 756 1196 787 inde
1225 756 1346 798 pulchre
1375 756 1450 787 Iuno
1475 761 1573 798 portas

161 813 275 854 aperire
310 813 469 844 inducitur'
507 814 564 853 (cfr
599 814 680 844 SerV.
718 814 755 844 ad
781 814 857 845 Aen.
883 814 915 844 II
939 825 966 855 p.
988 814 1073 851 610).
1121 814 1214 844 Recte
1238 825 1307 845 vero
1332 815 1445 845 monuit
1470 814 1574 856 Meyer

161 871 278 911 (Indog.
316 871 453 911 Mythen‘
470 871 502 901 ΙΙ
526 882 552 912 p.
578 871 656 910 614)
676 872 714 901 ab
738 871 908 902 hominibus
932 872 1101 913 posterioris
1125 872 1231 902 aetatis
1255 872 1459 903 tantummodo
1484 872 1573 903 Iuno—

161 939 228 959 nem
257 939 291 959 ac
320 928 421 959 lunam
446 928 570 958 eandem
590 939 652 958 esse
676 928 884 959 existimatam.
932 929 1033 959 Primo
1057 929 1137 959 enim
1162 929 1249 959 nubis
1273 929 1329 959 fuit
1352 929 1414 966 dea,
1438 933 1467 959 et
1491 929 1572 960 haud

161 986 229 1023 scio,
253 996 291 1016 an
317 986 403 1015 nubis
427 985 515 1015 fuerit
540 986 595 1015 dea
615 989 818 1026 tempestatem
843 997 909 1016 cum
935 986 1093 1016 tonitribus
1118 986 1318 1027 parturientis,
1346 986 1423 1016 unde
1447 987 1571 1016 Lucina

160 1046 203 1074 est
239 1046 344 1073 vocata
380 1046 412 1073 ut
440 1042 574 1084 Iuppiter
601 1043 663 1084 ipse
699 1043 861 1081 Lacet5us;
892 1044 1029 1084 quocirca
1054 1054 1113 1074 non
1138 1044 1210 1074 adeo
1235 1054 1371 1085 perverse
1395 1043 1486 1074 Marc.
1514 1043 1572 1074 Ca-

161 1100 239 1142 pella
266 1100 311 1140 (II
338 1110 361 1130 c.
392 1100 424 1138 5)
448 1100 590 1141 disputat:
615 1100 674 1140 Te,
699 1100 803 1141 inquit,
828 1101 985 1139 Lucinam,
1009 1101 1087 1141 quod
1112 1088 1208 1131 lucem
1237 1101 1426 1132 nascentibus
1450 1102 1571 1136 tribuas,

159 1169 194 1189 ac
217 1158 370 1188 Lucetiam
396 1158 534 1191 convenit
557 1158 738 1199 nuncupari'.
786 1158 865 1189 Nam
900 1162 932 1189 ut
968 1169 1131 1199 cognomen
1167 1159 1248 1189 Iovis
1273 1159 1395 1189 Lucem
1419 1159 1460 1189 ita
1480 1160 1570 1190 etiam

160 1216 338 1256 cognomina
365 1216 488 1246 Iunonis
513 1216 653 1246 Lucinae
676 1219 705 1245 et
729 1216 876 1246 Lucetiae
896 1217 933 1246 ad
958 1217 1058 1247 lumen
1079 1217 1213 1247 fulminis
1237 1227 1300 1247 esse
1324 1217 1478 1247 reserenda
1501 1221 1571 1258 puto

159 1276 188 1303 et
212 1272 281 1303 inde
304 1265 490 1314 explicanda.

245 1331 291 1361 Ac
327 1341 358 1361 re
393 1341 464 1361 vera
488 1331 669 1372 temporibus
693 1331 760 1361 aliis
784 1331 871 1362 aliter
896 1331 988 1373 ipsius
1012 1331 1136 1362 Iunonis
1160 1331 1232 1362 deae
1242 1321 1302 1362 'vis
1325 1336 1370 1362 est
1393 1331 1516 1362 definita
1539 1336 1569 1362 et

159 1391 288 1429 accepta,
325 1391 358 1418 ut
393 1388 557 1418 luculenter
581 1388 763 1419 demonstrat
791 1388 839 1419 hic
867 1389 949 1420 locus
974 1389 1137 1429 Augustini
1157 1391 1195 1427 (c.
1219 1389 1246 1419 d.
1271 1388 1343 1427 VII,
1372 1390 1431 1427 16):
1459 1389 1571 1426 'Quan-

160 1446 318 1484 doquidem
355 1446 444 1475 etiam
482 1439 611 1476 matrem
644 1446 795 1483 Maynam
820 1448 943 1477 eandem
962 1446 1098 1477 Cererem
1125 1447 1237 1483 volunt,
1263 1457 1353 1485 quam
1375 1447 1455 1476 nihil
1483 1447 1571 1476 aliud

160 1503 265 1532 dicunt
300 1512 362 1532 esse
397 1513 487 1540 quam
528 1503 657 1533 Terram
686 1514 809 1541 eamque
833 1505 993 1542 perhibent
1016 1507 1043 1533 et
1068 1504 1225 1533 Iunonem’
1248 1523 1287 1526 —
1304 1491 1370 1542 ·(cfr
1394 1504 1481 1534 Varr.
1506 1504 1524 1533 l.
1549 1504 1567 1534 l.

160 1560 197 1599 V,
223 1560 285 1597 69).
333 1560 444 1590 Eodem
465 1560 551 1591 modo
579 1563 725 1602 Δημήτηρ
748 1561 832 1601 quasi
857 1561 1008 1602 Γημὴτηρ
1033 1561 1106 1601 (Cic.
1132 1561 1170 1591 N.
1195 1561 1230 1591 D.
1255 1561 1287 1590 II
1311 1571 1335 1590 c.
1357 1561 1412 1600 26)
1436 1571 1454 1591 a
1477 1561 1570 1591 Grae-

159 1618 202 1648 cis
225 1618 379 1648 nominata
402 1628 464 1648 esse
486 1617 570 1655 (falso
583 1618 611 1655 *)
636 1618 750 1649 dicitur.
783 1619 839 1649 Sed
865 1619 966 1649 Tellus
987 1619 1034 1649 vel
1059 1619 1152 1649 Terra
1175 1619 1277 1648 eadem
1295 1622 1385 1659 atque
1402 1618 1464 1659 Ops
1480 1619 1569 1649 etiam

159 1675 285 1705 habetur
320 1675 411 1714 (Aug.
447 1685 470 1704 c.
507 1675 534 1705 d.
570 1675 641 1713 VII,
679 1675 741 1714 24).
790 1676 853 1706 Dea
889 1676 981 1714 igitur
1008 1675 1081 1705 caeli
1110 1679 1139 1705 et
1160 1676 1284 1705 nubium
1317 1675 1348 1705 in
1376 1675 1460 1705 deam
1485 1676 1570 1713 aeris,

159 1732 255 1771 lunae,
282 1735 377 1763 terrae
391 1732 436 1771 **)
460 1732 588 1773 denique
605 1736 718 1763 mutata
734 1736 778 1763 est
792 1752 831 1755 —
848 1733 977 1774 acceptis
998 1737 1150 1775 poetarum
1175 1736 1204 1763 et
1225 1732 1466 1775 philosophorum
1491 1743 1570 1763 com-

159 1791 274 1821 mentis.

231 1976 257 2010 *)
286 1975 305 2002 Δ
333 1984 380 2009 pro
404 1984 426 2011 y
454 1975 481 2000 in
500 1975 537 2001 ὀᾶ
555 1975 632 2008 plane
652 1976 739 2001 fictum
759 1979 807 2007 est,
827 1980 856 2002 ut
876 1977 950 2002 docet
970 1976 1112 2002 Ahrensius
1131 1976 1203 2009 (dial.
1223 1975 1277 2001 dor.
1297 1985 1314 2009 p
1342 1975 1395 2009 80);
1416 1975 1569 2007 'ubicunque

158 2023 245 2045 terrae
268 2020 424 2052 significatio
444 2020 532 2053 paullo
553 2020 646 2044 certior
666 2023 713 2050 est,
734 2021 760 2045 in
779 2021 896 2045 omuibus
916 2021 1025 2046 Doricae
1045 2021 1150 2045 dialecti
1170 2020 1285 2045 fontibus
1301 2024 1339 2054 γῆ
1360 2019 1465 2050 legitur,
1485 2019 1523 2043 cfr
1542 2028 1567 2051 p.

160 2064 220 2093 130,
242 2064 292 2088 197
306 2063 327 2097 ²)
348 2066 374 2088 et
394 2063 489 2088 librum
508 2072 602 2088 meum:
629 2064 723 2094 Quoest.
743 2066 821 2094 ety.m
840 2066 865 2087 et
886 2072 925 2095 gr.
945 2072 970 2095 p.
990 2064 1024 2088 27
1044 2073 1081 2096 sq

231 2108 277 2141 Η)
308 2108 374 2139 Aug.
405 2115 425 2131 c.
455 2107 479 2132 d.
511 2107 568 2136 VII
590 2106 768 2138 16.I!1·mque
786 2107 853 2131 Imm
871 2101 1046 2132 secandarum
1065 2114 1205 2131 causarum
1226 2107 1331 2131 domina
1350 2108 1373 2130 et
1394 2105 1461 2129 Iuno
1480 2113 1526 2129 aer
1545 2107 1568 2129 e!

159 2151 227 2177 Iuno
247 2154 317 2178 {erra
337 2167 371 2170 —-
393 2166 418 2169 —-
439 2167 474 2170 —
493 2151 536 2177 Sic
554 2154 578 2176 et
597 2151 665 2176 Iuno
683 2153 719 2177 est
737 2153 807 2177 terra
827 2154 850 2176 e!
870 2153 951 2177 mater
971 2158 1068 2183 magna
1087 2153 1110 2175 et
1135 2150 1219 2175 Ceres.
