1773 2449
146 111 186 140 14
790 123 812 144 s.
836 123 918 144 Linde.

142 202 322 243 linquamus,
347 201 384 232 ad
407 200 585 231 sententiam
610 210 719 239 eorum,
743 199 795 240 qui
820 199 929 230 Ianum
964 198 1054 229 solem
1084 208 1147 228 esse
1171 196 1302 237 credant,
1327 197 1559 239 percensendam

141 260 404 300 transgrediamur.

227 317 271 349 Ut
295 327 382 359 supra
406 315 544 354 diximus,
568 315 627 346 iam
652 315 768 356 antiqui
804 315 961 356 scriptores
988 313 1127 345 nonnulli
1154 313 1262 344 Ianum
1287 323 1339 355 pro
1363 313 1424 345 sole
1448 314 1558 345 habue—

141 379 221 414 runt,
245 380 278 405 ut
301 374 440 413 Nigidius
465 373 590 412 Figulus
614 376 688 403 teste
717 373 870 403 Maorobio
906 373 1037 412 (Saturn.
1064 372 1087 411 Ι,
1113 373 1141 411 9,
1167 373 1186 401 8
1213 390 1253 393 -
1279 371 1303 411 Ι,
1324 372 1353 411 9,
1379 372 1398 402 5
1423 376 1452 402 et
1478 373 1510 411 63
1534 372 1558 411 Ι,

146 432 195 472 17,
221 432 264 462 4⁶2
288 435 316 462 et
341 431 395 470 64)
423 433 452 460 et
480 429 619 460 Lutatius
652 429 765 466 (Ioann.
803 429 877 470 Lyd.
906 429 960 468 IV,
987 429 1028 468 Q),
1077 429 1160 459 Inter
1184 429 1340 470 scriptores
1365 439 1434 460 vero
1458 440 1558 460 recen-

143 490 241 529 tiores,
265 490 314 530 qui
339 488 462 519 eandem
487 488 617 529 amplexi
644 491 713 518 sunt
737 488 924 527 sententiam,
941 488 1097 529 praecipue
1115 487 1289 518 nominandi
1306 490 1376 518 sunt
1392 487 1557 518 Buttmann

142 546 280 587 (Mythol.
306 546 344 585 ΙΙ,
371 546 431 584 72),
456 545 627 585 Schwegler
653 545 697 582 (R.
722 545 758 575 G.
784 545 807 584 Ι,
834 545 898 574 218
924 546 1008 585 sqq.),
1032 544 1146 575 Preller
1166 544 1260 582 (Rom.
1285 543 1473 586 Myth.³1p.
1495 546 1555 576 167

143 610 223 645 sqq).
271 605 312 634 At
347 603 433 634 valde
469 607 569 633 tamen
606 603 642 633 dc
670 602 726 633 hac
754 602 889 633 doctrina
913 606 956 633 est
981 602 1186 642 dubitandum,
1213 612 1289 643 quae
1317 601 1437 642 quidem
1462 603 1558 648 magis

143 662 314 692 commentis
351 661 591 702 philosophorum
621 671 711 701 quam
740 661 929 701 opinionibus
957 671 1067 699 eorum,
1099 661 1149 701 qui
1187 660 1302 690 fabulas
1326 660 1477 699 finxerint,
1501 661 1557 690 niti

143 719 265 749 videtur.
313 718 471 748 Praeterea
507 718 556 748 Sol
594 718 721 748 Sabinus
754 718 926 759 perhibetur
957 717 1046 748 fuisse
1086 718 1165 757 deus,
1202 718 1249 748 cui
1274 718 1306 747 in
1330 717 1411 747 cultu
1435 718 1557 748 inferior

143 777 223 807 locus
247 787 360 817 semper
395 776 451 805 suit
487 777 544 815 (cfr
581 776 727 806 Secmaun
764 776 910 816 (Scheole)
947 776 1051 816 Mytol.
1073 787 1099 817 p.
1122 776 1161 805 77
1184 775 1241 816 sq.)
1264 776 1374 816 quique
1398 776 1435 806 ad
1460 780 1557 807 extre-

144 844 222 863 mum
266 833 406 874 Apolline
449 833 631 863 Graecorum
677 833 765 874 plane
808 837 936 863 remotus
976 837 1020 863 est
1059 833 1178 870 (Rosch.
1213 833 1284 863 Lex.
1320 833 1417 874 Myth.
1454 833 1495 873 ΙΙ,
1529 846 1555 875 p.

143 892 206 932 44).
253 892 350 931 Magis
386 892 466 922 enim
491 891 625 931 vulgaris¹
652 903 707 929 res,
733 896 765 922 ut
786 892 828 922 ita
853 892 959 931 dicam,
984 892 1026 922 sol
1047 895 1118 931 erat,
1143 902 1233 932 quam
1268 902 1355 932 quem
1389 892 1477 933 prisci
1510 892 1555 922 illi

144 950 274 979 homines
298 950 328 979 in
353 950 442 979 altius
467 950 587 980 honoris
617 950 769 989 fastigium
799 950 984 989 extollerent,
1009 950 1117 980 nedum
1144 950 1174 979 in
1198 950 1340 980 honorem
1365 950 1411 979 dei
1436 951 1555 989 summi,

143 1006 312 1048 praesertim
337 1017 404 1036 cum
429 1007 517 1037 etiam
545 1007 707 1048 perexigua
726 1018 777 1038 ,res
802 1018 864 1038 esso
890 1007 949 1037 illis
973 1008 1036 1038 sine
1061 1006 1150 1037 dubio
1174 1007 1255 1037 visus
1279 1006 1326 1046 sit,
1350 1017 1437 1047 quem
1463 1007 1555 1037 oculis

142 1064 311 1102 diligentius
339 1065 446 1094 intueri
484 1075 521 1094 ne
559 1065 642 1094 licuit
665 1066 793 1105 quidem.
843 1065 992 1106 Epithetis
1018 1076 1094 1104 voro,
1119 1065 1226 1105 quibus
1250 1065 1357 1095 summi
1382 1064 1429 1094 dei
1453 1065 1553 1095 ornari

141 1121 241 1161 solent,
277 1121 319 1152 sol
349 1132 511 1163 numquam
541 1132 638 1161 noque
667 1133 684 1152 a
714 1122 858 1153 Romanis
883 1133 978 1163 neque
1003 1123 1040 1152 ab
1064 1122 1132 1153 aliis
1144 1122 1283 1162 gentibus
1304 1119 1554 1162 indogermanicis

141 1180 310 1218 celebratur,
358 1182 475 1210 (lenius
499 1182 704 1211 tantummodo
729 1182 896 1222 appellatur
917 1182 947 1211 in
973 1181 1214 1222 inscriptionibus
1235 1181 1337 1211 latinis
1357 1181 1554 1220 (Willmanns

143 1237 250 1276 2:³47),
275 1249 350 1278 quae
374 1242 474 1268 tamen
510 1239 547 1268 ad
586 1240 775 1279 posteriorem
812 1243 938 1269 aetatem
976 1240 1131 1280 pertinent,
1163 1249 1222 1279 qua
1251 1239 1320 1269 solis
1344 1239 1441 1269 cultus
1465 1242 1553 1269 antea

141 1306 232 1335 paone
269 1296 421 1335 neglectus
457 1296 614 1326 Persarum
652 1297 705 1326 deo
741 1297 818 1336 solis,
843 1297 893 1337 qui
919 1301 962 1327 est
983 1297 1104 1336 Mithra,
1125 1300 1276 1338 assumpto
1300 1299 1344 1327 est
1368 1296 1553 1327 constitutus.

140 1352 234 1382 'lmmo
264 1364 332 1382 vero
361 1354 459 1383 studio
489 1354 565 1384 Solis
601 1355 720 1395 impulsi
757 1366 790 1384 oo
829 1359 1033 1395 processerunt
1058 1355 1222 1394 mythologi
1250 1354 1295 1384 vel
1320 1354 1488 1395 philosophi
1513 1358 1553 1390 ut,

139 1420 174 1438 no
199 1409 252 1439 deo
276 1410 345 1440 solis
379 1421 498 1451 prorsus
534 1421 634 1441 carcre
671 1412 842 1441 viderentur
881 1412 1014 1450 Romani,
1051 1412 1154 1441 Ianum
1184 1411 1275 1442 solem
1304 1422 1365 1441 esse
1389 1414 1554 1441 statuerent

138 1467 256 1503 (Rosch.
283 1468 354 1497 Lex.
380 1468 476 1507 Myth.
499 1468 529 1497 ll
548 1480 572 1508 p.
595 1469 656 1505 44).
705 1470 760 1498 Sed
786 1480 822 1498 no
847 1469 1190 1509 apudgrmwmsquidem
1206 1468 1314 1509 Apollo
1328 1469 1365 1499 ab
1382 1469 1468 1499 initio
1484 1468 1554 1499 solis

138 1528 199 1553 erat
224 1524 305 1563 deus,
330 1529 362 1554 ut
386 1536 401 1554 e
427 1525 634 1555 vetustissimis
663 1526 912 1566 descriptionilms
942 1526 1126 1565 intelligitur,
1150 1537 1208 1566 quo
1233 1526 1263 1556 in
1289 1536 1411 1556 numero
1435 1529 1479 1556 est
1503 1525 1552 1556 de-

137 1582 257 1622 scriptio
282 1582 342 1622 illa,
367 1594 443 1623 quae
469 1584 498 1613 in
525 1583 620 1624 primo
642 1584 745 1614 Iliadis
770 1584 845 1615 libro
871 1595 896 1615 v.
923 1584 965 1614 43
990 1594 1051 1624 sqq.
1077 1583 1197 1623 legitur:

611 1719 649 1722 —
676 1720 714 1722 -—
744 1720 783 1722 ——
812 1720 851 1722 —
882 1702 1002 1740 Φοῖβοσ
1026 1701 1192 1730 Ἀπόλλων

386 1758 429 1795 βῆ
449 1757 488 1787 δὲ
511 1758 579 1787 κατ’
608 1759 791 1795 Οὐλίψποιο
812 1759 961 1797 καρήνων
981 1760 1154 1797 χωόμενοσ
1178 1763 1247 1797 κῆρ,

391 1814 456 1854 τοκξ7
481 1814 614 1852 ὤμοισιν
637 1816 724 1854 ἔχων
747 1816 947 1855 ἀμφηρεφέα
973 1826 1012 1847 τε
1035 1816 1215 1855 φαρέτρην,

390 1872 553 1910 ἔκλαγξαν
577 1871 659 1910 ὁ’ἄρ’
687 1873 789 1902 οἰστοὶ
813 1872 864 1903 ἐπ’
890 1872 989 1910 ὤμων
1004 1873 1188 1911 χωομένοιο

399 1930 500 1959 αὐτοῦ
523 1930 719 1969 κινηθέντος.
748 1947 786 1950 -
816 1948 854 1951 —

136 2042 214 2071 Nam
240 2042 287 2072 hic
312 2043 395 2073 n‘ulla
419 2054 455 2073 ex
481 2047 564 2084 parte
600 2045 731 2074 cernitur
766 2045 908 2085 posterior
936 2045 986 2075 ille
1014 2046 1085 2076 deus
1109 2046 1193 2085 lucis,
1217 2045 1428 2076 animadvertit
1448 2045 1552 2086 Meyer

135 2099 252 2139 (Indog.
279 2100 402 2140 Mythen
428 2101 459 2131 ΙΙ
484 2113 511 2142 p.
541 2102 602 2141 14),
629 2102 679 2133 scd
697 2102 793 2144 potius
810 2102 962 2133 inducitur
979 2104 1057 2134 ferus
1074 2107 1102 2134 ot
1120 2103 1308 2134 turbulentus
1324 2102 1375 2133 ille
1391 2102 1550 2141 Ἀπλουν,

134 2157 185 2197 qui
209 2157 345 2196 Ὑλάτας
367 2169 481 2199 quoque
505 2170 523 2189 a
548 2159 699 2191 Thessalis
719 2160 864 2201 appellari
890 2161 1011 2192 solebat.
