1773 2449
167 51 207 80 10
816 62 840 84 s.
854 62 939 84 Linde.

162 140 305 171 honorem
330 150 388 170 non
411 138 567 169 retinuisse
592 137 678 168 valde
702 140 746 168 est
770 137 920 177 credibile,
944 137 1004 176 sed,
1028 140 1061 167 ut
1084 140 1129 167 est
1152 136 1286 168 condicio
1310 147 1409 170 rerum
1433 141 1577 174 humana-

162 209 237 239 rum,
262 198 356 230 altera
380 197 459 228 victa
482 196 568 228 alteri
593 196 686 227 cessit.
735 195 778 227 Ut
805 195 898 236 igitur
925 197 1006 236 Ἡρα
1030 195 1072 226 sic
1096 195 1185 226 etiam
1211 194 1287 226 Iuno
1311 195 1408 228 sedem
1434 202 1462 229 et
1485 200 1577 232 hono-

162 267 225 287 rem
250 267 381 287 summae
406 256 477 286 deae
501 255 557 286 sibi
575 255 668 285 serius
685 254 871 294 arrogavisse
888 253 1013 284 videtur.
1050 254 1097 284 Ac
1114 254 1138 284 si
1152 257 1260 284 natura
1285 254 1381 294 magis
1406 257 1540 289 caelestis
1550 259 1578 298 *)

162 325 252 355 quarn
278 313 422 344 terrestris
447 316 490 343 est
507 312 624 351 Iunoni,
637 315 669 342 ut
681 322 757 352 quae
774 322 849 342 uxor
866 311 904 342 sit
915 311 988 341 caeli
1003 311 1049 341 vel
1063 311 1151 351 Iovis,
1176 311 1212 342 de
1236 311 1355 351 deabus,
1376 323 1501 353 quarum
1526 327 1577 346 no-

163 372 246 402 mina
271 372 370 402 eadem
391 373 460 401 sunt
483 370 599 410 origine
623 380 757 410 quaeque
786 369 912 400 eundem
940 369 1143 400 sustinuerunt
1171 369 1322 409 honorem,
1347 369 1426 400 idem
1450 375 1577 404 statuere

164 439 181 458 a
206 430 319 459 ratione
354 438 411 458 non
442 431 514 468 puto
550 427 690 457 alienum.
743 427 938 467 Antiquiores
963 431 1071 465 tamen,
1099 430 1131 456 ut
1158 427 1318 457 ostendunt
1345 428 1426 469 ipsae
1450 429 1577 470 fabulae,

164 491 233 518 sunt
257 486 409 517 habendae
433 485 488 516 dea
512 486 578 515 Dia
602 488 630 515 et
658 485 767 514 Diana
793 485 839 515 vel
869 484 950 514 lana
974 488 1003 515 et
1027 485 1189 514 Diuturna
1214 484 1262 515 vel
1287 484 1431 516 Iuturna.
1481 487 1578 524 Quid?

164 545 241 586 quod
267 545 340 575 Iuno
364 544 427 585 ipsa
451 546 480 573 et
506 542 584 573 Iuno
604 543 728 572 Lucina
752 546 781 572 ct
805 543 914 573 Diana
934 544 1095 580 omnivasla
1120 542 1191 575 (Cio.
1216 542 1253 573 N.
1279 542 1314 573 D.
1332 543 1372 583 11,
1390 544 1446 583 68)
1463 544 1577 576 dicitur.

164 603 207 633 Ut
230 602 357 632 nominis
381 601 422 631 sic
447 601 537 631 etiam
562 604 687 644 naturae
711 600 880 630 coniunctio
905 600 1029 631 Iunonis
1054 610 1121 630 cum
1147 600 1245 630 Diana
1269 600 1324 631 hoc
1348 600 1412 631 loco
1429 600 1578 634 Ciceronis

164 659 348 699 intelligitur.

250 716 291 746 Ut
315 727 383 746 vero
408 719 564 756 utramque
590 715 714 745 formam
740 718 769 745 et
794 715 900 745 Ianam
924 718 953 745 et
970 715 1099 745 Dianam
1118 716 1218 746 latinis
1231 716 1262 745 in
1279 716 1385 746 litteris
1401 716 1579 757 invenimus,

167 775 207 804 ita
241 774 327 803 etiam
367 777 482 814 praeter
518 773 624 803 Ianum
663 772 778 802 Dianus
814 772 962 811 scribitur,
998 783 1067 802 nam
1096 772 1128 802 in
1159 772 1351 813 inscriptione
1392 773 1578 813 Aquileiensi

165 833 208 870 (C.
233 832 254 861 l.
279 832 311 861 L.
337 831 374 870 V,
401 831 474 861 783.
513 850 552 853 —
591 830 716 861 Corssen
754 830 844 860 Beitr.
881 841 904 860 z.
941 830 977 860 It.
1014 830 1156 871 Sprachk.
1190 843 1216 872 p.
1248 832 1324 871 356)
1349 831 1487 871 legimus:
1513 832 1579 862 Iovi

165 889 327 928 I)i'am›**)
344 889 376 919 C.
393 889 571 919 H(¹·›·enniu8
596 888 758 919 Candidus
784 891 915 927 Motum)
940 889 1060 927 s(ol1:it)
1086 889 1214 927 Hiberes)
1239 890 1385 928 m(erito).
1435 889 1495 920 Ubi
1513 889 1579 921 Iovi

165 959 215 989 pro
239 947 320 978 caelo
345 947 403 984 (vel
427 947 501 978 caeli
531 947 597 986 deo)
625 946 728 985 habeo,
758 957 828 977 nam
850 946 964 977 caelum
990 939 1086 987 ipsum
1111 946 1239 977 Romani
1260 947 1349 978 etiam
1374 947 1473 978 Iovem
1499 948 1579 989 apel-

164 1004 274 1045 labant,
308 1008 340 1035 ut
376 1004 536 1035 ostendunt
560 1015 662 1035 versus
690 1004 803 1044 aliquot
832 1004 912 1033 Enni
927 1004 989 1043 ***)
1021 1003 1093 1044 (Cic.
1119 1004 1155 1034 N.
1181 1004 1216 1034 D.
1243 1004 1275 1034 II
1299 1015 1322 1035 c.
1345 1005 1383 1045 2),
1419 1005 1532 1036 Lucani
1546 1007 1579 1046 †)

164 1063 278 1102 (Phars.
303 1062 359 1102 IX,
386 1062 473 1102 580),
498 1062 605 1093 Horati
619 1063 674 1102 ††)
695 1062 797 1100 (carm.
823 1062 846 1102 Ι,
868 1062 895 1102 1,
915 1062 977 1101 25).
1002 1062 1139 1093 Fortasse
1162 1062 1264 1093 eodem
1280 1073 1368 1094 sensu
1385 1065 1469 1096 Ζεὺσ
1484 1063 1579 1105 accipi

165 1124 266 1161 potest,
290 1121 320 1150 in
344 1120 457 1161 hymno
476 1120 581 1160 quinto
604 1120 712 1159 Procli,
736 1120 788 1150 ubi
813 1120 906 1150 Ianus
930 1121 1013 1160 Ζεὺς
1035 1121 1178 1160 ἄφθιτος
1201 1124 1230 1150 et
1253 1123 1378 1161 ὕπατος
1399 1121 1579 1162 appellatur:

161 1181 246 1217 χαῖρ’
274 1181 351 1211 Ιανε
378 1179 563 1218 πρόπατορ,
589 1179 653 1210 Ζεῦ
681 1179 803 1218 &petre
826 1178 912 1217 χαῖρ’
944 1179 1050 1209 ὕπατε
1069 1179 1142 1210 Ζεῦ.
1191 1177 1349 1209 Praeterea
1373 1178 1485 1219 aliquot
1508 1178 1579 1210 locis

165 1236 319 1266 homericis
338 1238 420 1275 Ζεὺς
443 1235 521 1265 idem
546 1239 635 1275 atque
660 1235 774 1265 caelum
795 1236 843 1266 vel
867 1247 966 1266 aerem
985 1236 1143 1275 significat,
1163 1247 1188 1266 e.
1214 1247 1257 1276 gr.
1282 1237 1317 1267 Il.
1341 1237 1433 1277 XIX,
1460 1238 1536 1268 357:

382 1350 422 1354 —
446 1350 486 1354 —
515 1350 554 1354 ——
583 1350 623 1354 —
650 1334 805 1371 ταρφειαὶ
829 1332 964 1372 νιφὰὸες
988 1332 1058 1371 Διὸς
1081 1330 1294 1364 ἐκποτέονται
1320 1351 1359 1355 —

163 1440 215 1469 (jfr
238 1442 282 1471 M.
306 1439 347 1469 25
373 1442 402 1469 et
425 1440 444 1479 ζ
467 1438 543 1478 457,
563 1438 613 1469 ubi
642 1440 723 1479 Ζεὺς
754 1449 843 1479 prope
864 1438 940 1469 idem
966 1442 1054 1479 atque
1079 1438 1194 1469 eaelum
1211 1438 1297 1469 valet.
1325 1439 1508 1470 Sententiam
1527 1450 1578 1472 no-

164 1503 252 1527 stram
278 1497 367 1526 otiam
387 1496 543 1526 confirmat
571 1496 748 1526 attributum
773 1496 848 1526 illud
872 1498 1044 1536 Ἀστέριοσ,
1070 1507 1128 1536 quo
1149 1496 1179 1526 in
1204 1495 1293 1526 Creta
1316 1497 1398 1536 Ζεὺς
1412 1497 1579 1537 appellatus

164 1556 206 1582 cst
230 1553 285 1592 (cfr
309 1553 422 1593 Mayer,
439 1552 508 1592 Gig.
533 1563 560 1582 u.
588 1552 645 1582 Tit.
671 1564 697 1593 p.
723 1553 786 1591 80).

234 1726 261 1758 ἃ)
282 1726 385 1750 Aeriam
415 1727 482 1751 enim
511 1736 566 1751 eam
596 1727 675 1752 Stoici
705 1728 835 1759 putabant
855 1730 922 1751 teste
943 1727 1064 1751 Cicerone
1086 1726 1128 1759 (N.
1150 1726 1179 1750 I).
1202 1726 1235 1754 ΙΙ,
1255 1726 1272 1758 ξ
1292 1724 1347 1757 66):
1369 1724 1420 1748 Aer
1440 1727 1534 1754 autem,
1549 1728 1577 1749 ut

163 1769 241 1793 Stoici
271 1770 415 1801 disputant,
444 1770 597 1794 interiectus
626 1771 695 1794 inter
723 1779 792 1794 mare
819 1773 843 1794 et
874 1771 981 1798 caelum,
1012 1769 1116 1794 Iunonis
1137 1769 1237 1793 nomine
1258 1771 1433 1797 consecratum
1453 1777 1519 1800 quae
1538 1771 1576 1792 est

163 1820 233 1835 soror
253 1815 278 1836 et
299 1813 389 1837 coniux
410 1814 487 1843 Iovis,
511 1814 579 1846 quod
599 1814 622 1838 ei
643 1814 784 1838 similitudo
804 1817 842 1838 est
863 1814 976 1838 aetheris
996 1816 1022 1837 et
1043 1822 1098 1837 cum
1119 1821 1147 1836 eo
1167 1821 1264 1836 summa
1284 1811 1437 1836 coniunctio.
1476 1811 1577 1836 Effemi-

164 1859 257 1879 narunt
278 1860 361 1881 autom
381 1866 436 1882 eum
456 1858 599 1890 Iunonique
619 1858 778 1887 tribuerunt,
799 1858 867 1890 quod
887 1858 953 1882 nihil
973 1860 1011 1881 est
1032 1865 1061 1881 eo
1081 1856 1192 1881 mollius.

236 1899 278 1931 Η)
298 1900 387 1925 Dium>
406 1901 504 1926 Jordan
524 1902 645 1933 (Preller,
662 1902 746 1934 Myth.
769 1901 778 1915 ³
799 1911 824 1934 p.
847 1901 897 1926 167
912 1901 931 1935 ²)
952 1910 999 1933 pro
1019 1899 1135 1932 epitheto
1156 1899 1223 1924 Iovis
1243 1899 1330 1928 habet,
1350 1899 1393 1923 sed
1412 1899 1444 1923 oh
1465 1901 1576 1924 aetatem

163 1944 266 1967 deorum
287 1944 361 1976 plane
382 1946 511 1970 contrarie
531 1955 557 1970 se
577 1955 629 1970 rem
650 1946 746 1970 habere
765 1949 895 1978 putamuS,
916 1945 954 1969 cfr
974 1944 1052 1968 etium
1072 1943 1171 1974 Mayer,
1192 1943 1249 1973 (fig.
1270 1952 1293 1967 u.
1315 1943 1366 1967 Tit.
1387 1952 1411 1975 p.
1432 1943 1475 1967 82.

217 1987 279 2018 *'‘'‘)
301 1988 392 2020 Aspice
412 1989 459 2013 hoc
479 1989 588 2013 sublime
609 1990 728 2018 candens,
749 1998 823 2021 quem
844 1989 966 2012 invocant
986 1996 1072 2011 omnes
1093 1987 1184 2011 lovem.

252 2031 280 2062 †)
301 2032 417 2064 luppiter
437 2035 475 2057 est
496 2033 673 2065 quodcumque
693 2033 775 2062 vides,
795 2040 956 2064 quocumque
976 2030 1093 2055 moveris.

233 2074 279 2107 ††)
454 2092 489 2095 —
509 2092 543 2096 --
563 2066 598 2095 4
620 2092 651 2095 --—
672 2091 708 2095 —
727 2078 813 2100 manet
834 2075 881 2099 sub
904 2075 963 2099 Iove
984 2074 1079 2105 frigido
1101 2077 1148 2100 cet.
1187 2075 1242 2108 (rsr.
1255 2075 1348 2099 librum
1369 2083 1462 2099 meum:
1484 2074 1575 2105 Indog.

162 2120 186 2144 h.
207 2127 231 2150 g.
251 2128 276 2151 p.
298 2119 351 2152 73).
