1773 2449
143 74 184 104 38
789 92 812 113 S.
828 91 912 124 Linde.

233 166 315 202 Quae
339 166 501 196 intercedat
526 166 600 196 ratio
626 166 703 196 inter
730 166 841 196 Ianum
873 167 1066 196 Matutinum
1091 171 1119 197 et
1145 167 1279 196 Matrem
1302 167 1469 205 Matutam,
1495 178 1553 198 non

141 222 213 252 satis
238 227 281 253 est
307 222 502 253 manifestum.
551 222 634 252 Ilaec
670 223 748 254 cnim
786 223 886 253 eadem
921 226 1010 263 atque
1034 223 1097 265 Ops
1110 224 1135 260 ¹⁸¹)
1160 223 1227 256 (dea
1252 223 1321 260 Dia)
1346 229 1398 263 est,
1421 234 1498 264 quae
1522 229 1555 254 ut

141 280 233 311 Ianus
258 281 417 311 Consicius
441 280 506 322 ipsa
530 281 674 311 Consicia
700 281 747 312 vel
772 282 902 312 Consiva
927 281 1094 323 appellatur
1119 282 1204 318 (Fest.
1230 293 1256 323 p.
1274 282 1337 312 186
1350 283 1388 321 b).
1417 282 1554 313 Ceterum

141 338 203 379 Ops
228 339 301 369 Iano
320 339 409 377 patri
434 340 522 368 etiam
549 351 582 369 eo
608 340 771 380 respondet,
799 340 877 380 quod
907 343 1002 369 master
1032 340 1199 381 appellatur
1222 340 1321 379 (Varr.
1347 340 1364 370 l.
1386 340 1403 370 l.
1428 340 1466 378 V,
1491 340 1555 379 64),

142 401 174 426 ut
198 408 299 427 omnes
325 396 445 426 nubium
476 397 547 427 deae
575 398 632 436 (cfr
657 397 760 438 Meyer
785 398 802 427 l.
827 408 850 428 c.
877 409 902 439 p.
930 398 996 427 (514
1019 402 1048 428 ct
1073 398 1199 437 I)ecckc‚
1226 398 1286 428 Etr.
1313 397 1432 428 Forsch.
1459 398 1503 427 IV
1529 409 1554 439 p.

144 455 204 491 33).
252 455 408 486 Practerea
428 455 450 485 si
477 455 696 486 consideremus
722 456 840 486 Festum
866 459 904 497 (p.
935 456 1010 494 12⁹2)
1036 456 1171 486 Matrem
1199 457 1353 486 Illamtam
1371 461 1464 486 matre
1478 456 1555 486 bona

142 512 340 553 interpretari:
377 513 514 543 Matrem
540 514 694 544 Matutam
726 515 846 553 antiqui
869 514 903 544 01»
927 514 1085 543 bonitatem
1113 514 1318 552 appellabant,
1354 512 1439 543 sac-ile
1463 513 1555 543 addu-

142 569 243 608 vimur,
268 576 299 600 ut
323 570 476 601 credamus
502 571 607 601 Ianum
633 582 749 612 quoque
773 572 810 602 ob
838 572 999 602 bonitatem
1030 571 1222 601 *Metellinum
1251 571 1431 613 appellatum
1458 570 1554 601 fuisse.

143 627 187 656 Ao
212 638 270 667 qua
294 628 352 658 alia
378 639 408 658 rc
433 630 541 659 bouum
567 641 597 659 se
619 630 714 668 magis
739 634 888 670 praestare
914 630 1006 670 potuit
1032 629 1086 659 nisi
1112 629 1177 658 luco
1202 629 1372 659 hominibus
1391 628 1483 658 allata
1500 628 1555 667 vel,

142 689 173 714 ut
198 695 258 715 rem
283 684 369 715 aliter
397 686 573 727 exprimam,
609 687 811 728 splendentem
849 698 879 717 se
908 687 1077 716 hominibus
1104 686 1253 716 offerendo
1277 690 1305 716 ct
1330 686 1444 724 faciem,
1469 690 1554 715 nocte

142 743 226 774 modo
250 744 396 781 obrutam,
421 744 517 775 denuo
542 745 741 776 ostendendo?

233 801 336 831 Ianum
358 802 447 832 etiam
477 803 640 832 lunen-ima
670 803 910 842 cognominatum
937 814 999 833 esse
1024 802 1195 832 Macrobius
1219 802 1349 841 (Saturn.
1374 801 1397 840 I,
1428 802 1474 839 15,
1505 802 1555 839 19)

142 862 358 897 commemorat,
384 859 462 890 hanc
486 871 605 890 causam
632 861 821 891 interserens:
851 860 937 902 'quod
962 860 1005 890 illi
1030 860 1084 890 deo
1104 859 1200 890 omnis
1225 859 1382 899 ingressus⁷
1399 859 1467 890 huic
1484 859 1555 889 deae

141 916 237 946 cuncti
263 916 468 947 Kalendarum
494 918 556 948 dies
581 918 720 948 videntur
743 917 883 959 ascripti'.
931 917 1025 954 Quam
1052 917 1175 947 eandem
1198 917 1470 958 interpretationem
1492 917 1554 947 loco

141 973 289 1013 superiore
314 974 440 1010 (Satin-n.
466 974 489 1013 I⁷
515 976 543 1013 9,
572 975 624 1013 16)
650 975 727 1005 idem
753 975 884 1016 praebet:
910 974 1077 1005 'Iunonium
1102 974 1301 1014 (invocamus)
1325 974 1409 1014 quasi
1434 984 1493 1004 non
1510 985 1555 1004 so-

142 1029 202 1059 lum
227 1031 336 1062 mensis
357 1031 489 1061 Ianuarii
515 1032 565 1062 sed
591 1033 737 1062 mensium
761 1032 894 1062 omnium
916 1025 1065 1071 ingressus
1090 1035 1253 1070 tenentem;
1277 1031 1308 1060 in
1325 1031 1436 1061 ditione
1456 1035 1554 1061 autem

142 1087 263 1119 Iunonis
288 1092 356 1119 sunt
379 1100 481 1120 omnes
506 1089 679 1120 Kalendae'.
727 1090 835 1120 Merito
860 1090 965 1130 Mayer
989 1089 1150 1129 (Giganten
1176 1099 1202 1119 u.
1227 1088 1289 1118 Tit.-
1310 1100 1335 1129 p.
1362 1089 1404 1118 82
1415 1099 1484 1119 ann.
1499 1089 1554 1128 69)

141 1145 216 1176 hanc
241 1146 512 1187 interpretationem
543 1148 573 1177 in
587 1147 801 1178 dubitationem
817 1147 1077 1187 vocavit7utquae
1101 1157 1160 1177 non
1186 1146 1334 1177 sufficiens
1359 1146 1404 1177 sit.
1452 1146 1498 1176 Ac
1523 1157 1553 1176 re

142 1213 209 1232 vera
234 1204 340 1233 mirum
367 1208 451 1243 esset,
475 1205 499 1234 si
514 1204 660 1235 Kalendis
681 1206 789 1235 Iunoni
819 1210 848 1235 et
876 1205 949 1234 Iano
973 1205 1095 1234 sacratis
1123 1205 1194 1233 deus
1223 1214 1354 1234 summus
1379 1203 1451 1241 ideo,
1476 1204 1553 1243 quod

139 1260 302 1291 istiusmodi
328 1262 468 1293 honorem
497 1274 563 1293 cum
601 1263 655 1294 dea
691 1263 830 1294 inferiore
854 1273 1040 1293 communem
1066 1262 1196 1301 haberet,
1217 1272 1380 1302 cognomen
1406 1261 1554 1292 inferioris

140 1318 300 1359 susciperet
324 1320 465 1360 superior.
514 1321 579 1360 Ego
597 1325 699 1351 eontra
713 1325 791 1362 puto.
828 1321 1013 1351 Celenderis
1025 1320 1104 1350 enim
1116 1320 1212 1360 potius
1225 1319 1392 1360 nuncupari
1406 1319 1554 1349 debuisset

138 1376 194 1415 (cfr
206 1376 331 1416 Merkel,
356 1377 409 1407 Ov.
435 1377 515 1408 Fast.
531 1389 556 1419 p.
567 1378 732 1417 CCXLII).
761 1378 865 1419 Neque
879 1382 955 1408 recte
980 1377 1133 1408 duodecim
1160 1377 1228 1408 illae
1259 1387 1328 1407 arae
1354 1387 1408 1418 pro
1432 1376 1554 1407 totidem

140 1434 289 1464 mensibus
313 1435 466 1465 dedicatae
491 1435 631 1472 (Macrob.
649 1436 674 1473 Ι,
701 1437 729 1475 9,
759 1437 809 1475 16)
834 1436 871 1466 ad
896 1436 1015 1465 Iunonii
1044 1445 1207 1475 cognomen
1232 1435 1334 1465 referri
1359 1434 1506 1474 videntur,
1523 1438 1555 1464 ut

138 1490 349 1521 animadvertit
385 1492 463 1522 idem
502 1492 664 1523 Merkelius
697 1492 726 1531 (l.
764 1503 786 1522 c.
821 1503 847 1533 p.
884 1491 1099 1529 CCXXVIII).
1154 1491 1241 1521 Falso
1272 1491 1361 1521 etiam
1385 1491 1555 1521 Macrobius

139 1547 267 1586 (saturn.
293 1548 317 1588 I,
346 1549 394 1588 15,
421 1550 475 1589 020)
501 1550 562 1580 vim
588 1556 616 1580 et
645 1554 782 1580 naturam
820 1549 944 1580 Iunonis
979 1549 1140 1587 constituit,
1175 1559 1264 1589 quam
1300 1548 1423 1579 eandem
1453 1548 1553 1579 lunam

138 1617 199 1636 esse
219 1608 388 1638 arbitratur.
441 1608 689 1649 Philosophorum
727 1608 807 1638 enim
843 1607 1018 1638 commentis
1055 1607 1084 1636 in
1122 1607 1201 1636 hunc
1225 1617 1351 1637 errorem
1377 1597 1480 1646 raptus
1503 1611 1554 1636 est.

141 1663 255 1694 Aetatis
279 1665 359 1695 enim
384 1666 553 1707 posterioris
590 1666 662 1696 haec
698 1666 799 1707 opinio
827 1669 878 1704 est,
904 1672 935 1695 ut
959 1675 1036 1705 quae
1062 1664 1251 1705 physicorum
1276 1663 1384 1693 rationi
1405 1663 1554 1701 debeatur,

140 1724 212 1752 teste
236 1722 348 1754 Ioanne
368 1723 453 1764 Lydo
478 1724 526 1764 (de
547 1735 638 1755 meus.
668 1723 725 1763 III,
757 1725 799 1763 7);
836 1725 867 1754 οἱ
896 1723 962 1762 γὰρ
991 1724 1117 1762 φυσικοὶ
1143 1741 1182 1744 -—
1211 1741 1249 1744 ——
1273 1740 1307 1743 —
1330 1722 1384 1752 Δία
1409 1722 1473 1760 μὲν
1496 1721 1554 1751 τὸν

142 1779 238 1817 ἥλιον,
268 1779 366 1819 Ἣραν
390 1781 428 1812 δὲ
447 1784 506 1823 τὴν
530 1784 667 1822 σελήνην
691 1783 839 1821 ἐνόμιζον
859 1781 939 1812 εἶναι
963 1784 992 1811 et
1016 1779 1071 1819 IV,
1094 1780 1147 1810 29:
1173 1780 1256 1811 κατὰ
1281 1779 1319 1811 ὁὲ
1343 1781 1402 1820 τὴν
1420 1780 1554 1819 πρώτην

141 1843 199 1866 τοῦ
223 1839 372 1877 Μαρτίου
394 1841 494 1879 μηνὸς
514 1839 614 1878 Ἦραν
639 1840 768 1878 ἐτίμων,
793 1840 891 1869 οἱονεὶ
915 1840 973 1879 τὴν
997 1841 1133 1879 σελήνην
1153 1838 1205 1869 ὁιὰ
1230 1840 1289 1878 τὴν
1315 1839 1492 1878 νεοαηνὶαν.
1514 1857 1552 1860 —

141 1896 245 1937 Neque
269 1897 360 1928 multo
381 1897 468 1928 aliter
492 1898 616 1928 eandem
642 1908 703 1928 rem
732 1901 852 1927 enarrat
877 1896 1045 1927 Macrobius
1069 1897 1199 1936 (Saturn.
1225 1895 1248 1936 I,
1276 1896 1324 1935 15,
1351 1896 1414 1935 ΞΟ),
1438 1896 1555 1938 scripsit

140 1954 231 1984 enim:
268 1955 341 1985 'cum
376 1956 455 1986 enim
492 1956 578 1986 initia
608 1955 753 1987 mensium
787 1954 912 1985 maiores
938 1954 1029 1985 nostri
1054 1954 1091 1984 ab
1115 1958 1220 1984 exortu
1250 1954 1338 1984 lunae
1361 1954 1554 1994 servaverint,

143 2012 205 2041 iure
226 2012 535 2045 Iunoniaddixerunt
559 2013 721 2049 Kalendas,
747 2013 848 2042 lunam
875 2023 909 2042 ac
931 2012 1212 2041 Iunonemcandem
1238 2015 1387 2052 putantes:
1413 2012 1460 2042 vel
1484 2013 1554 2052 quia

214 2138 241 2170 Ξ)
263 2139 358 2170 Meyer,
381 2141 467 2171 lndog.
490 2140 597 2171 Mytlieu
620 2141 641 2164 ll
663 2150 688 2172 p.
710 2141 772 2164 614.
