1773 2449
633 122 668 144 De
683 123 744 144 Iano
759 130 854 144 summo
869 123 1037 146 Romanorum
1052 125 1104 146 deo.
1540 112 1582 142 35
1612 150 1625 157 X

170 199 370 231 monumentis
396 203 425 229 et
453 199 618 229 litterarum
653 202 682 229 et
717 199 789 229 artis
824 199 944 239 gemina
971 200 1046 230 facie
1067 200 1235 241 praeditum
1260 202 1399 240 norimus,
1424 202 1480 233 hac
1505 203 1580 233 facie

169 256 300 298 dupplici
325 266 386 286 rem
412 256 457 286 vel
486 256 660 297 qualitatem
698 259 822 287 naturae
857 256 1001 287 declarari
1037 261 1269 288 consentaneum
1293 262 1344 288 est.
1394 258 1475 289 Haec
1498 261 1578 290 enim

169 314 348 354 cognomina
374 314 475 344 omnia
511 324 630 352 anceps,
663 314 771 353 biceps,
807 315 957 354 Informis,
990 316 1132 353 (seminus
1145 315 1176 353 *)
1212 315 1250 345 ad
1282 316 1449 357 dupplioem
1473 317 1576 347 faciem

136 375 139 379 ’
168 374 309 412 spectant.
357 370 403 400 Ac
426 381 607 411 quamquam
630 370 701 411 quid
725 371 873 411 significet
900 371 1021 411 gemina
1048 372 1137 402 facies
1166 371 1318 402 intellectu
1343 382 1402 402 non
1427 373 1500 403 adeo
1523 373 1578 403 dif-

168 428 245 459 ficile
264 433 316 468 est,
346 428 447 459 multis
482 431 581 459 tamen
618 428 766 469 variisque
791 428 885 459 modis
910 439 955 459 res
979 433 1022 459 est
1043 435 1165 471 accepta
1186 440 1398 471 perperamque
1422 429 1578 472 explicata„

168 487 301 518 Fuerunt
333 487 421 527 enim,
456 487 507 528 qui
543 487 693 528 geminam
722 487 827 518 faciem
852 488 890 518 ad
914 498 1069 518 commune
1093 488 1213 519 Romuli
1238 493 1267 519 et
1291 488 1360 522 Tati
1385 499 1509 529 regnum
1535 499 1579 519 re-

168 546 289 575 ferrent:
318 545 359 575 ita
394 545 512 585 quidem
541 545 660 576 Servius
684 545 733 584 (ad
759 546 835 575 Aen.
862 545 885 584 I,
912 546 1002 581 ⁹290:
1027 546 1113 576 'unde
1137 550 1166 575 et
1190 546 1281 576 Ianus
1305 546 1367 587 ipse
1391 547 1465 577 duas
1489 547 1579 577 facies

167 602 263 642 habet,
288 603 372 644 quasi
397 607 430 633 ut
453 602 588 633 ostendat
612 602 735 633 duorum
762 613 864 643 regum
890 602 1054 633 coitionem’
1078 603 1135 643 (cfr
1159 603 1239 633 Serv.
1257 603 1295 633 ad
1312 603 1387 633 Aen.
1402 602 1475 643 XII,
1495 603 1577 641 198),

167 661 303 692 Niebuhr
337 661 434 699 (Rom.
470 660 576 692 Gesch.
602 660 617 690 Ι
642 672 668 702 p.
697 661 768 700 166,
793 660 958 692 Schwenck
983 661 1091 702 (Myth.
1118 661 1144 691 d.
1170 661 1255 691 Rom.
1281 673 1307 703 p.
1338 661 1420 700 1322).
1448 680 1487 683 —
1515 660 1575 691 Alii

168 730 236 749 vero
261 719 406 759 imagines
431 719 572 748 bifrontes
596 718 702 748 Ianum
731 722 760 748 et
787 719 947 748 Saturnum
977 719 1130 749 ostendere
1155 722 1304 759 putarunt,
1328 719 1379 748 alii
1406 718 1575 759 Apollinem

165 783 194 809 et
219 778 346 809 Dianam
371 777 514 817 (Macrob.
539 778 656 807 Saturn.
681 776 704 816 Ι,
729 777 758 816 9,
784 777 822 814 5).
871 776 1049 807 Plutarchus
1073 777 1203 817 (Quaest.
1229 776 1353 808 Roman.
1380 788 1404 807 o.
1432 776 1576 818 ι22)(1ιψ-

167 835 271 875 plicem
296 835 376 864 dedit
395 834 679 874 interpretationem:
704 837 848 872 πότερον
871 836 921 865 ὅτι
940 859 945 864 .
962 860 966 865 .
990 837 1160 875 μέταβαλε
1183 838 1234 865 καὶ
1252 837 1407 872 γλῶτταν
1426 838 1478 882 'fal
1497 833 1575 863 ὁῦαι-

166 902 241 929 mv,-
266 895 283 934 ἢ
298 894 428 931 μᾶλλον
451 892 500 922 ὅτι
520 891 597 931 τοὺς
618 893 692 931 περὶ
717 892 776 932 τὴν
798 890 933 922 Ἰταλίαν
954 915 960 920 .
988 916 994 921 .
1021 893 1067 932 εἰς
1088 893 1206 931 ἕτερον
1225 894 1299 933 βίου
1322 898 1427 933 σχῆμα
1454 917 1459 923 .
1489 918 1494 923 .
1517 900 1575 929 με·

166 953 286 991 τέβαλε
309 953 361 981 καὶ
382 943 616 989 μετεκόσμησε.
665 948 941 989 Interpretationem
975 949 1119 980 Varronis
1143 949 1239 989 magis
1266 948 1355 979 etiam
1381 949 1487 979 miram
1512 950 1576 980 Au-

166 1007 302 1046 gustinus
327 1012 362 1046 (c.
387 1006 413 1036 d.
438 1005 509 1045 VII,
535 1007 567 1044 8)
591 1006 689 1036 affert:
726 1006 815 1036 'Duas
851 1006 930 1036 enim
966 1006 1055 1036 facies
1078 1010 1148 1036 ante
1171 1010 1200 1036 et
1225 1010 1302 1036 retro
1327 1006 1434 1036 habere
1458 1006 1575 1045 dicitur,

166 1065 242 1106 quod
269 1065 367 1096 hiatus
391 1068 497 1104 noster⁷
521 1075 587 1095 cum
612 1075 644 1095 os
664 1064 821 1106 aperimus,
845 1064 956 1095 mundo
980 1064 1085 1095 similis
1110 1064 1254 1104 videatur,
1281 1083 1319 1086 —
1348 1083 1388 1086 —
1417 1083 1456 1086 —
1482 1074 1500 1094 a
1516 1074 1574 1105 quo

165 1123 247 1153 hiatu
260 1123 319 1153 oris
331 1127 360 1152 et
386 1123 460 1153 fores
483 1133 544 1152 esse
569 1122 682 1152 aditum
706 1122 744 1152 ad
768 1122 870 1152 dentes
895 1133 996 1152 versus
1020 1127 1048 1152 et
1073 1123 1218 1152 introrsus
1242 1122 1280 1152 ad
1305 1123 1419 1152 fauces'.
1459 1122 1574 1152 Gavius

165 1192 233 1212 vero
270 1180 380 1212 Bassus
415 1171 521 1211 Ianum
550 1180 702 1221 geminum
727 1191 761 1211 eo
785 1183 917 1222 spectare
942 1183 1035 1222 putat,
1059 1180 1138 1222 quod
1162 1179 1314 1210 hominum
1336 1190 1437 1222 preces
1460 1179 1498 1209 ab
1521 1179 1573 1210 ho-

164 1239 293 1269 minibus
329 1240 403 1269 ferat
439 1239 475 1269 ad
513 1239 589 1276 deos,
625 1239 708 1268 cuius
737 1239 885 1269 sententia
909 1249 926 1269 a
951 1239 1035 1279 Lydo
1056 1240 1103 1273 (de
1129 1250 1219 1269 mens.
1244 1239 1298 1274 IV,
1325 1240 1356 1277 ΖΞ)
1377 1244 1421 1270 est
1444 1243 1573 1269 servata:

164 1297 263 1337 ταύτῃ
299 1296 461 1335 ὁίμορφοσ
493 1295 572 1327 εἶναι
597 1296 728 1335 λέγεται
753 1296 791 1326 ἔκ
815 1306 853 1328 τε
877 1301 933 1336 τῆς
952 1296 1038 1334 πρόσ
1065 1297 1148 1336 ἡμᾱσ
1171 1296 1209 1326 ἔκ
1233 1307 1271 1327 τε
1291 1302 1348 1335 τῆς
1369 1297 1455 1334 arpeo
1481 1296 1575 1333 θεοὺς

163 1356 277 1395 ὄψεωσ
301 1355 355 1392 (cfr
374 1355 504 1385 Maerob.
529 1354 645 1384 Saturn.
671 1354 694 1393 Ι,
716 1355 745 1393 9,
771 1355 790 1384 9
815 1359 844 1384 et
873 1355 923 1384 13:
948 1354 1039 1395 'quasi
1064 1365 1203 1396 superum
1232 1358 1320 1395 atque
1345 1355 1472 1385 inferum
1498 1355 1573 1385 iani-

163 1412 280 1448 torem').
328 1411 383 1441 Sed
409 1411 460 1440 alii
478 1410 567 1442 ,aliter
590 1411 626 1440 de
650 1410 706 1440 hac
727 1421 757 1440 re
785 1414 939 1441 senserunt
963 1411 1020 1449 (cfr
1044 1411 1132 1441 etiam
1158 1411 1307 1451 Hartung,
1332 1412 1395 1441 Rael
1420 1412 1473 1441 der
1488 1407 1572 1441 Rom.

162 1470 194 1500 II
220 1481 245 1511 p.
272 1470 337 1500 2Ξο
361 1470 424 1510 sq).

253 1528 395 1557 Attamen
420 1527 620 1557 huiuscemodi
645 1527 818 1567 opinionum
843 1531 1009 1557 commenta
1025 1527 1195 1557 omittamus
1208 1531 1237 1557 et
1253 1528 1337 1568 quasi
1350 1527 1569 1568 philosophanti

162 1586 241 1628 ipsae
266 1589 389 1615 naturae
412 1584 609 1615 oboediamus.
658 1584 757 1625 Atque
785 1584 954 1615 Macrobius
982 1584 1111 1624 (Saturn.
1138 1584 1161 1624 Ι,
1187 1585 1215 1623 7,
1241 1585 1293 1622 20)
1319 1576 1386 1615 vere
1411 1584 1484 1614 mihi
1510 1585 1569 1615 iam

162 1644 278 1674 videtur
302 1643 408 1673 faciem
444 1643 593 1682 geminam
628 1654 690 1673 esse
727 1643 949 1683 interpretatus:
983 1643 1128 1682 'creditur‚
1153 1643 1258 1683 inquit,
1283 1643 1396 1682 (Ianus)
1420 1643 1571 1683 geminam

161 1701 266 1731 faciem
292 1701 473 1742 praetulisse,
498 1705 530 1731 ut
553 1711 630 1741 quae
654 1704 723 1731 ante
747 1711 881 1741 quaeque
910 1705 975 1741 post
1003 1704 1118 1740 tergum
1143 1705 1240 1731 essent
1264 1701 1443 1739 intueretur’⁷
1467 1711 1571 1741 quam-

160 1770 248 1800 quam
275 1760 364 1789 verba
388 1759 441 1789 illa
465 1769 522 1789 non
549 1759 590 1789 ita
614 1764 682 1790 sunt
707 1758 885 1800 accipienda,
910 1762 942 1788 ut
965 1758 1028 1799 ipse
1052 1769 1087 1789 ea
1112 1759 1175 1789 vult
1199 1763 1328 1800 accepta,
1358 1759 1453 1800 pergit
1477 1759 1570 1789 enim:

160 1817 238 1857 quod
260 1816 360 1857 procul
385 1816 474 1846 dubio
498 1816 534 1846 ad
560 1817 747 1857 prudentiam
772 1817 850 1856 regis
868 1816 1087 1856 sollertiamque
1108 1817 1294 1847 referendum
1319 1820 1370 1853 est,
1383 1817 1433 1857 qui
1447 1822 1476 1846 et.
1487 1827 1570 1857 prae-

161 1875 247 1906 terita
271 1878 368 1906 nosset
403 1877 432 1905 et
469 1874 568 1905 futura
593 1873 789 1916 prospiceret'.
837 1874 918 1912 Quae
943 1874 1148 1916 interpratatio
1172 1874 1230 1906 alio
1254 1874 1318 1905 loco
1338 1873 1466 1912 (Saturn.
1492 1873 1515 1914 Ι,
1541 1875 1570 1912 9,

161 1934 194 1972 4)
219 1933 315 1964 verbis
335 1932 519 1973 aliquantum
545 1933 665 1963 mutatis
689 1933 731 1963 ita
759 1933 946 1974 exprimitur:
983 1933 1069 1973 'quod
1093 1938 1122 1963 et
1146 1933 1304 1975 praeterita
1328 1933 1447 1964 sciverit
1471 1936 1500 1962 et
1525 1933 1569 1963 fu-

233 2123 259 2149 *.
282 2124 408 2157 Imagines
428 2128 454 2149 et
474 2128 577 2150 statuae,
597 2134 704 2157 graecae
724 2125 836 2150 Mercuri
857 2126 897 2150 dei
919 2126 1061 2150 consimiles
1080 2129 1148 2153 sunt,
1168 2126 1212 2150 sed
1232 2134 1337 2158 prorsus
1350 2125 1427 2149 aliam
1439 2133 1490 2148 rem
1506 2125 1567 2149 mihi

160 2169 291 2193 declarare
311 2169 440 2195 videntur.
481 2170 530 2195 Sed
551 2170 582 2194 de
601 2170 649 2194 hae
669 2179 696 2195 re
716 2170 767 2195 alio
788 2170 856 2194 libro
876 2179 953 2202 agere
972 2170 998 2194 in
1019 2169 1103 2194 animo
1123 2170 1186 2194 mihi
1206 2173 1253 2194 est.
