1773 2449
657 116 692 138 De
708 116 769 139 Iano
784 122 879 138 summo
894 115 1059 138 Romanorum
1075 116 1127 138 deo.
1578 101 1595 131 7

185 194 279 232 (Dom.
308 194 369 234 13),
399 192 448 224 sed
485 193 544 223 iam
578 193 758 235 temporibus
793 192 1008 233 antiquissimis
1031 196 1117 234 porta
1140 192 1337 223 Carmentalis
1361 192 1435 224 duos
1454 193 1597 224 transitus

185 251 324 283 laterales
353 251 467 292 habuit,
501 251 552 293 qui
588 251 650 282 iani
685 254 756 282 sunt
790 250 945 290 nominati,
978 260 1048 281 nam
1073 260 1091 280 a
1114 249 1201 280 Livio
1225 249 1278 290 (H,
1305 250 1359 291 39)
1382 250 1467 282 Fabii
1492 252 1597 283 dextro
1625 268 1628 269 ⁷

186 310 257 339 iano
281 313 382 351 portae
405 308 605 340 Carmentalis
629 310 659 349 (a
683 308 752 339 Chr.
777 319 805 338 n.
830 309 910 347 479)
935 308 1057 349 profecti
1086 318 1148 338 esse
1173 307 1319 338 dicuntum
1367 308 1434 338 Iani
1458 319 1527 340 vero
1550 310 1594 340 illi

186 378 238 410 per
273 378 374 399 omnes
410 367 492 399 urbis
527 367 662 408 regiones
694 366 818 409 dispersi
846 366 896 397 ab·
913 365 1019 397 Ovidio
1043 365 1134 406 (Fast.
1160 365 1184 405 I,
1210 365 1288 405 257)
1312 369 1504 407 opponuntur
1529 367 1596 398 iano

186 426 237 456 uni
263 426 280 456 i.
305 437 328 456 e.
353 426 503 456 aediculae
531 426 607 465 Iani,
632 426 683 456 ubi
707 429 841 456 sacratus
865 425 963 456 stabat
987 425 1079 455 Ianus
1103 425 1174 455 deus
1198 424 1245 455 vel
1269 427 1369 455 statua
1391 424 1471 455 Iani:

483 509 559 539 Cum
580 512 620 539 tot
643 509 706 538 sint
730 509 798 538 iani
821 518 877 538 cur
901 511 966 538 stas
990 511 1132 538 sacratus
1156 508 1189 537 in
1213 518 1281 545 uno,

483 567 532 596 hic
556 566 607 596 ubi
631 567 736 596 iuncta
752 566 839 603 foris
864 566 976 604 templa
1000 566 1115 595 duobus
1140 565 1252 595 habes?

277 662 420 692 Profanos
456 662 547 701 igitur
574 661 657 691 ianos
681 672 699 691 a
723 664 837 691 sacrato
857 660 906 690 hic
926 661 1067 691 discernit
1091 664 1185 701 poeta.
1234 661 1276 690 At
1300 660 1376 690 nihil
1401 665 1501 691 tamen
1525 662 1596 692 certi

185 720 223 751 ad
247 720 392 761 originem
418 714 605 761 propriamve
633 719 693 748 vim
722 718 802 749 vocis
830 718 996 759 appellatae
1020 718 1209 748 statuendam
1233 718 1389 759 scriptores
1414 718 1457 748 illi
1482 719 1596 759 antiqui

186 780 393 820 praebuerunt,
431 789 499 808 nam
536 788 644 808 nomen
680 777 895 818 appellativum
920 777 981 807 iani
1005 780 1033 807 et
1058 787 1166 807 nomen
1191 776 1237 807 dei
1262 776 1436 818 plerumque
1460 777 1598 807 confude-

186 840 255 866 runt
279 837 415 876 idemque
438 846 501 866 esse
526 838 674 876 putarunt.
723 835 769 865 Ao
804 845 984 875 quamquam
1021 835 1109 875 plane.
1146 838 1190 864 est
1226 835 1416 865 manifestum
1446 835 1511 866 illos
1535 836 1597 866 sola

185 894 404 936 comparatione
440 904 554 933 vocum,
589 903 665 934 quae
688 895 758 923 sunt
782 893 879 923 imma
902 896 931 923 et
955 893 1055 932 ianus,
1079 902 1264 933 quarumque
1288 896 1357 923 nota
1381 896 1444 923 erat
1468 893 1521 932 vis,
1546 904 1597 924 no-

186 952 274 982 minis
298 952 353 991 dei,
377 951 455 992 quod
480 962 531 992 per
555 961 585 981 se
610 951 646 981 iis
671 961 788 992 prorsus
812 951 969 980 obscurum
995 950 1057 989 fuit,
1081 950 1227 989 originem
1252 954 1281 980 et
1303 951 1363 980 vim
1388 951 1532 990 statuisse,
1550 952 1595 981 dei

185 1014 285 1041 tamen
305 1020 412 1040 nomen
438 1010 519 1051 prius
543 1009 759 1048 existimarunt,
789 1012 820 1038 ut
832 1019 870 1039 ex
883 1009 968 1039 dictis
993 1008 1144 1038 Ciceronis
1168 1012 1197 1038 et
1221 1008 1257 1038 de
1282 1008 1355 1038 lano
1379 1012 1407 1038 et
1427 1009 1463 1038 de
1480 1009 1598 1039 Venere

185 1068 235 1107 (N.
259 1068 294 1098 D.
321 1067 352 1097 II
376 1069 392 1106 ξ
418 1068 457 1097 67
484 1071 513 1097 et
538 1067 593 1105 69)
618 1067 721 1097 elucet.
770 1067 889 1108 Dispari
926 1077 996 1097 vero
1032 1070 1128 1097 aetate
1164 1077 1226 1097 esse
1263 1077 1348 1097 voees
1381 1066 1454 1096 Iani
1477 1071 1506 1097 et
1531 1068 1598 1097 iani

186 1126 301 1156 Zander
325 1125 401 1163 (Rel.
427 1135 515 1155 carm.
541 1124 599 1155 Sal.
624 1136 650 1166 p.
669 1125 725 1163 41)
749 1125 950 1155 demonstrare
974 1128 1104 1163 conatus,
1122 1135 1182 1154 rem
1208 1124 1246 1154 ad
1263 1124 1342 1165 ipsas
1359 1124 1473 1155 litteras
1490 1124 1599 1155 latinas

186 1184 294 1222 retulit,
319 1184 369 1214 sed
394 1194 504 1222 vereor,
520 1194 557 1212 ne
578 1183 635 1213 hac
659 1183 709 1212 via
733 1193 779 1213 res
799 1182 955 1212 diiudicari
984 1183 1083 1223 possit,
1119 1193 1187 1212 nam
1222 1183 1338 1213 etiamsi
1375 1194 1435 1213 non
1463 1187 1598 1214 occurrat

186 1253 244 1273 vox
269 1241 320 1272 illa
345 1241 405 1271 iani
431 1241 510 1282 apud
534 1240 715 1281 antiquiores
751 1240 907 1281 scriptores
942 1250 1031 1280 quam
1068 1240 1241 1270 Ciceronem
1265 1244 1293 1270 et
1315 1240 1444 1280 Livium,
1466 1241 1523 1271 iam
1547 1252 1598 1283 per

186 1311 216 1331 se
237 1303 359 1341 apparet
384 1310 485 1330 vocem
506 1310 568 1330 esse
592 1299 790 1340 antiquiorem
803 1299 1013 1340 notionemque
1037 1299 1130 1340 ipsam
1158 1310 1217 1330 non
1242 1300 1280 1330 ab
1304 1300 1340 1330 iis
1356 1310 1418 1331 esse
1435 1300 1596 1331 inventam.

185 1358 290 1389 Livius
314 1358 392 1388 enim
417 1358 518 1387 ianum
544 1357 702 1388 nominans
726 1357 778 1397 (H,
803 1357 859 1396 49)
884 1357 919 1388 de
944 1368 974 1388 re
998 1361 1027 1387 et
1051 1361 1159 1388 eventu
1188 1358 1260 1388 satis
1284 1358 1406 1399 antiquo
1431 1359 1512 1396 (anni
1532 1359 1596 1388 479

184 1426 209 1446 a.
234 1414 304 1446 Chr.
329 1417 370 1454 n.)
395 1415 574 1446 mentionem
600 1415 678 1445 facit.
726 1415 885 1446 Praeterea
920 1426 987 1446 cum
1024 1417 1135 1445 inuitos
1160 1416 1191 1446 in
1219 1416 1350 1446 carmine
1375 1416 1482 1446 Saliari
1508 1417 1596 1447 fuerit

185 1473 295 1513 (Varro
319 1473 337 1503 l.
362 1473 379 1503 l.
405 1473 476 1511 VII,
504 1473 567 1512 27),
588 1473 648 1503 iani
674 1484 777 1503 vocem
794 1473 853 1503 illis
866 1474 1046 1514 temporibus
1061 1474 1276 1514 antiquissimis
1297 1474 1327 1503 in
1345 1485 1399 1504 usu
1419 1475 1508 1505 fuisse
1525 1475 1597 1504 satis

185 1535 315 1573 apparet,
351 1542 418 1561 cum
453 1531 555 1561 eadem
587 1531 692 1561 debeat
719 1542 781 1561 esse
815 1532 893 1561 inter
928 1531 1030 1561 ianum
1067 1535 1095 1561 et
1132 1532 1288 1562 ianitorem
1309 1532 1384 1562 ratio
1408 1536 1496 1573 atque
1520 1533 1598 1562 inter

185 1592 302 1630 portum
326 1593 355 1619 et
375 1589 553 1629 portitorem.
580 1608 620 1611 —
647 1588 786 1625 Quaestio
811 1600 880 1619 vero
901 1590 1049 1630 proposita
1078 1590 1191 1619 ratione
1215 1590 1278 1620 sola
1299 1590 1498 1630 mythologiae
1518 1601 1597 1620 com-

185 1647 345 1688 parativae,
369 1657 459 1687 quam
479 1650 595 1686 vocant,
616 1646 690 1677 solvi
715 1657 798 1688 posse
823 1646 946 1677 videtur.

271 1706 316 1736 Ac
344 1716 410 1736 cum
441 1705 625 1746 mythologie
659 1705 807 1736 neminem
844 1705 965 1736 deorum
1001 1705 1184 1747 superiorum
1221 1706 1380 1747 imaginem
1410 1717 1472 1737 esse
1497 1717 1594 1737 rerum

185 1762 297 1802 vilium,
334 1764 441 1793 nedum
472 1774 570 1793 rerum
595 1763 726 1794 humana
751 1774 840 1793 manu
865 1764 1011 1794 factarum
1035 1764 1145 1803 doceat,
1170 1765 1220 1795 sed
1244 1775 1345 1795 omnes
1366 1765 1425 1795 fere
1450 1766 1523 1795 caeli
1549 1766 1595 1796 vel

184 1821 353 1852 caelestium
391 1832 488 1852 rerum
525 1822 651 1863 speciem
677 1833 747 1864 prae
771 1833 801 1853 se
821 1822 905 1862 ferre,
931 1822 989 1853 iam
1014 1823 1051 1853 ab
1080 1822 1164 1853 initio
1188 1823 1331 1864 suspicari
1361 1823 1429 1853 licet
1453 1823 1595 1854 eiusmodi

184 1880 273 1909 etiam
311 1879 398 1912 fuisse
434 1883 570 1910 naturam
608 1880 673 1910 Iani
704 1881 759 1911 dei.
809 1881 865 1911 His
889 1881 1099 1911 convenienter
1123 1882 1350 1926 originationem
1376 1882 1441 1912 lani
1467 1882 1595 1913 nominis

185 1936 242 1966 iam
268 1936 381 1976 antiqui
407 1936 564 1977 scriptores
589 1947 665 1976 vere⁷
692 1938 804 1978 opinor⁷
829 1938 966 1977 augurat-i
992 1942 1068 1967 sunt.
1117 1938 1195 1968 Nam
1219 1939 1358 1979 quoniam
1384 1940 1462 1979 apud
1482 1939 1595 1968 Macro-

184 1994 265 2024 bium
290 1994 421 2034 (Saturn.
446 1994 469 2034 I,
496 1994 523 2034 7,
549 1995 581 2033 8)
606 1994 743 2034 legimus:
772 1996 989 2033 pronuntiarit
1024 1996 1173 2034 Nioidius
1197 1996 1367 2035 Apollinem
1400 1996 1509 2026 Ianum
1533 2006 1596 2026 esse

186 2052 381 2090 Dianam-qne
407 2052 527 2088 Ianam,
551 2052 694 2082 sumenda
717 2056 761 2083 est
782 2063 834 2093 pro
856 2053 928 2083 Iano
958 2053 1052 2083 forma
1081 2055 1222 2084 vetustior
1251 2054 1297 2085 vel
1324 2054 1438 2095 plenior
1464 2055 1595 2094 Dianas,

185 2113 218 2140 ut
242 2109 315 2140 haec
338 2110 377 2141 sit
402 2110 488 2141 ratio:
514 2110 627 2142 Ianus:
654 2111 780 2141 Dianas
796 2125 819 2134 ε
836 2109 931 2140 Imm:
956 2111 1073 2141 Diana.
1123 2112 1206 2148 Quod
1230 2112 1253 2142 si
1279 2112 1320 2142 ita
1336 2115 1387 2151 est,
1404 2123 1510 2142 nomen
1529 2112 1595 2142 Iani

185 2168 221 2198 ad
246 2168 369 2198 eandem
396 2169 532 2208 radicem,
568 2169 626 2199 late
664 2173 810 2210 patentem
836 2171 928 2208 (dier),
956 2180 1031 2210 quae
1057 2170 1087 2200 in
1114 2171 1283 2201 nominibus
1307 2171 1501 2212 complurium
1528 2171 1595 2202 deo-
