1773 2449
157 137 176 167 8
803 153 825 174 s.
841 150 925 175 Linde.

156 240 221 267 rum
247 229 431 271 superiorum
457 227 542 267 inest,
578 228 857 259 convenientissime
887 228 995 259 referre
1019 227 1095 259 licet.
1142 226 1221 259 Nam
1246 228 1337 269 vulgo
1360 229 1419 262 huc
1443 230 1574 263 referunt

157 287 279 318 nomina
303 286 382 317 Iovis
409 287 449 326 (>
461 285 566 316 Diovis
580 296 606 313 >
634 285 795 325 *Diffi-es),
832 286 955 316 Iunonis
967 286 1003 325 *),
1028 286 1144 316 Dianae
1168 286 1225 325 (cfr
1250 290 1350 330 Διώνη
1374 301 1401 318 >
1417 293 1572 331 Alf-mn),

155 344 239 382 Quae
262 345 380 386 quidem
404 343 491 374 radix
516 344 546 374 in
572 343 733 383 vocabulis,
757 355 833 385 quac
858 344 972 374 caelum
990 344 1168 384 significant,
1185 344 1273 376 inest:
1298 346 1407 387 «lydus,
1423 359 1466 388 gr.
1483 347 1572 378 εὐδία

156 403 271 434 caelum
292 412 436 441 serenum,
468 401 517 432 lat.
539 401 601 431 dics
615 402 668 442 **)‚
702 402 784 432 dium
809 402 827 432 l.
852 402 955 432 ‹livum
991 403 1060 442 (sub
1084 403 1132 433 dio
1156 402 1174 432 l.
1195 403 1284 443 divo),
1308 415 1350 442 gr.
1377 405 1467 445 Ζεύς,
1493 407 1570 445 Διός,

156 461 247 491 immo
272 471 339 490 vero
368 461 514 500 εὐόιᾶνος
549 459 633 490 nobie
670 459 799 490 occurrit
834 460 933 501 (Pind.
963 459 1080 501 Olymp.
1102 460 1157 498 IV,
1183 461 1267 501 146),
1292 462 1376 493 cuius
1400 463 1510 495 formae
1534 464 1572 495 ad

156 518 373 549 nominativum
399 519 487 550 εὐὸίᾶ
514 517 625 547 relatae
642 517 773 556 fingendi
795 518 870 547 ratio
889 528 955 548 cum
981 519 1084 548 Diam)
1113 518 1288 549 Latinorum
1314 520 1402 560 plane
1426 523 1572 553 convenit.

158 577 203 607 Ac
227 577 250 607 si
275 587 340 606 cum
366 575 510 606 Corsscno
536 575 637 613 (Beitr.
663 586 685 605 z.
711 575 747 606 It.
773 575 916 617 Sprachk.
942 587 967 618 p.
988 576 1063 614 357)
1080 576 1256 607 femininam
1274 577 1420 608 desideres
1437 579 1571 619 formam,

156 636 193 666 ad
218 646 305 676 quam
334 634 477 675 applicari
506 634 598 675 possit
634 635 769 673 Dianas,
794 634 843 665 dia
868 648 894 665 >
910 634 993 665 *diva
1020 635 1096 675 (di—a
1120 634 1256 675 Camilla,
1281 635 1336 666 dea
1356 635 1424 674 Dia)
1444 647 1571 668 comme-

156 693 298 723 moranda
333 696 385 730 ost,
421 702 489 722 nam
515 692 658 732 stirpibus
682 692 713 722 in
738 700 753 721 a
779 693 957 723 excuntibus
981 693 1123 723 suffixum
1149 693 1223 723 illud
1247 703 1341 723 -anus
1365 694 1505 734 primitus
1529 699 1572 725 est

155 750 355 781 tribuendum:
392 749 530 790 exempla
565 753 652 780 sunto
676 750 817 779 silmmus
841 749 951 789 (silva),
977 760 1112 780 arcanus
1137 754 1236 790 (area),
1262 750 1421 781 Romanus
1445 751 1571 791 (Roma),

156 809 205 838 sed
230 811 329 848 postca
353 807 442 837 etiam
467 807 535 837 aliis
559 818 589 837 se
613 807 756 848 applicuit
785 807 926 848 stirpibus
950 807 1027 838 idem
1052 808 1202 848 suffixum,
1226 812 1259 839 ut
1281 808 1441 840 ostendunt
1460 809 1571 840 formae

157 865 258 906 quales
278 868 347 895 sunt
373 865 512 904 urbanus,
548 864 706 903 humanus,
741 864 908 905 oppidanus
935 868 988 895 cet.
1014 865 1070 905 (cfr
1094 865 1216 905 Brugm.
1241 865 1371 896 Grundr.
1396 866 1428 895 II
1452 877 1479 907 p.
1508 867 1568 897 137

156 928 184 953 et
208 923 321 963 Henry,
341 933 467 962 gramm.
492 933 586 964 comp.
611 924 627 962 ξ
655 923 739 961 158).
788 923 838 953 Ad
873 923 997 954 eandem
1033 923 1162 954 radicem
1199 925 1279 964 (dim
1313 934 1347 955 ac
1375 924 1509 966 proxime
1526 924 1571 955 -ad

156 980 372 1010 substantivum
398 981 451 1010 dia
477 980 618 1019 (caelum)
654 980 841 1010 referendum
865 984 909 1011 est
932 981 1112 1011 adiectivum
1138 982 1253 1021 Dialis,
1277 982 1360 1012 cuius
1377 982 1570 1012 conformatio

155 1043 183 1069 ct
207 1038 384 1079 significatio
408 1037 547 1068 nonnihil
572 1048 638 1068 cum
657 1038 761 1068 Dimm
774 1038 927 1069 consentit.
953 1038 1044 1070 Ianus
1060 1039 1204 1079 igitur(>
1177 1039 1399 1070 >*Diuanus
1385 1052 1410 1061 κ
1426 1038 1570 1078 *Dianus)

156 1100 227 1129 mihi
253 1099 390 1140 primitus
418 1099 496 1129 idem
520 1099 576 1129 sibi
601 1098 678 1129 velle
710 1099 828 1129 videtur
852 1103 941 1139 atque
966 1100 1007 1129 ad
1031 1100 1147 1129 caelum
1168 1101 1328 1138 pertinens
1352 1099 1400 1130 vel
1423 1100 1569 1130 caelestis.

240 1157 379 1198 Dupplex
404 1156 456 1186 illa
480 1156 576 1186 forma
601 1156 711 1195 (Diana
732 1161 761 1186 et
786 1157 881 1196 Iana)
906 1158 930 1187 si
956 1168 1094 1188 sonorum
1111 1158 1346 1188 vicissitudinem
1364 1158 1493 1198 respicis,
1510 1168 1569 1187 non

155 1215 248 1246 solum
270 1218 348 1246 certo
372 1214 424 1245 illo
447 1214 584 1255 exemplo
609 1214 724 1244 loris>
748 1215 856 1245 Diovis
885 1215 1034 1256 probatur,
1062 1215 1112 1245 scd
1137 1215 1227 1245 etiam
1252 1214 1310 1245 alio
1343 1214 1568 1256 inscriptionum

155 1275 290 1315 exemplo
314 1275 457 1313 firmatur⁷
482 1274 594 1304 scilicet
619 1275 754 1310 Iuturna,
776 1259 866 1314 Aquae
894 1275 984 1305 etiam
1008 1275 1159 1305 Diuturna
1183 1275 1355 1305 nominatur
1379 1274 1447 1311 (vid.
1473 1274 1568 1305 Corss.

155 1331 277 1373 Ausspr.
298 1330 306 1343 ²
332 1330 347 1360 I
371 1342 397 1372 p.
425 1330 489 1361 365
524 1349 562 1352 —
599 1331 689 1361 Beitr.
714 1342 737 1360 z.
763 1331 798 1360 It.
825 1331 970 1372 Sprachk.
997 1342 1023 1372 p.
1050 1332 1113 1360 357
1142 1350 1181 1353 —
1208 1331 1296 1369 Stolz⁷
1321 1331 1370 1361 lat.
1396 1341 1488 1370 gram.
1507 1330 1515 1343 ²
1543 1342 1568 1371 p.

156 1390 240 1429 309).
288 1390 369 1426 Quae
394 1389 485 1429 igitur
509 1400 568 1432 vox
588 1389 626 1420 ad
651 1389 780 1420 radicem
817 1389 997 1431 appellatam
1034 1390 1121 1428 (diu)
1157 1389 1248 1420 etiam
1273 1388 1420 1430 pertinere
1444 1388 1568 1418 videtur.
1600 1404 1606 1435 ς-

154 1448 217 1478 Dea
233 1452 331 1478 autem
356 1447 417 1487 illa,
438 1448 588 1477 Diuturna
613 1449 660 1478 vel
686 1449 820 1487 Iuturna,
838 1460 913 1478 uxor
938 1450 1004 1478 Iani
1029 1434 1201 1489 perhibetur
1224 1449 1314 1479 fuisse
1333 1468 1372 1470 —
1398 1449 1477 1488 quod
1501 1459 1569 1488 cog-

153 1505 301 1536 nationem
329 1505 485 1536 nominum
510 1505 584 1535 mihi
609 1505 699 1535 etiam
720 1506 895 1536 confirmare
920 1505 1045 1536 videtur.

244 1564 327 1600 Quod
353 1563 486 1594 Roscher
510 1563 593 1599 (Lex.
619 1563 711 1604 myth.
737 1563 769 1593 ΙΙ
794 1575 820 1604 p.
846 1564 902 1603 48)
927 1564 1003 1594 dixit
1028 1563 1261 1595 vicissitudinem
1286 1563 1377 1594 Ianae
1401 1566 1430 1594 et
1454 1563 1569 1593 Dianae

154 1621 230 1652 male
254 1633 316 1653 csse
341 1622 571 1662 comprobatam,
597 1632 656 1652 non
682 1621 825 1661 intelligo,
862 1622 959 1652 nescio
987 1622 1066 1652 enim
1094 1633 1147 1652 cur
1171 1621 1330 1652 auctoritas
1354 1621 1487 1652 Macrobi
1512 1621 1568 1651 hac

153 1680 272 1720 quidem
294 1680 324 1709 in
348 1690 379 1710 re
404 1679 435 1709 in
459 1679 656 1720 suspicionem
682 1679 720 1710 sit
744 1680 878 1710 vocanda
903 1680 1012 1721 apertis
1038 1680 1134 1711 verbis
1158 1679 1287 1710 Dianam
1312 1689 1374 1710 esse
1398 1678 1504 1709 Ianam
1526 1678 1569 1708 af-

226 1812 253 1845 ³⁶)
274 1812 314 1837 Ita
334 1812 411 1838 etiam
431 1815 581 1838 statuerunt
606 1813 682 1838 Breal
712 1816 737 1838 et
767 1813 862 1845 Bailly,
886 1813 953 1839 Dict.
973 1816 1051 1846 etym.
1072 1814 1117 1838 lat.
1139 1822 1158 1838 5.
1179 1822 1203 1838 v.
1224 1813 1288 1837 deus
1306 1821 1331 1844 pv
1353 1812 1396 1840 62,
1418 1810 1499 1835 Iidem
1517 1810 1568 1834 for-

153 1866 218 1880 mam
239 1857 307 1882 Iuno
327 1858 359 1881 ad
379 1858 503 1882 *Diouna
523 1858 615 1881 suffixo
638 1866 669 1882 on
694 1861 797 1882 auctam
825 1859 948 1883 referunt.
994 1858 1066 1888 Quod
1086 1858 1107 1882 si
1127 1857 1165 1882 ita.
1185 1859 1232 1886 est,
1253 1858 1364 1888 cognata
1384 1857 1443 1879 sunt
1463 1854 1567 1879 nomina

154 1900 223 1924 Iovis
242 1902 266 1923 et
288 1900 406 1931 Iunonis,
436 1909 501 1932 quae
531 1900 734 1932 Danielssostffl
725 1910 825 1925 tiramni
847 1910 871 1926 u.
891 1904 967 1933 ety,m
989 1902 1094 1926 Stud.1
1114 1910 1138 1933 p.
1159 1901 1206 1934 49)
1225 1900 1257 1924 ad
1277 1900 1389 1923 radicem
1409 1900 1456 1923 aiu
1484 1899 1568 1922 relata

152 1947 217 1972 vult.
257 1948 378 1972 Attamen
398 1957 448 1972 non
468 1948 551 1972 minor
572 1950 654 1972 restat
675 1948 816 1972 difficultas
845 1949 939 1973 formas
968 1948 1158 1981 interpretandi
1179 1956 1256 1980 quam
1280 1947 1300 1970 si
1321 1947 1365 1970 dii
1384 1946 1496 1970 radicem
1517 1948 1568 1969 sta-

152 1994 261 2014 tuamus.
299 1991 439 2015 Praeterea
468 1991 539 2015 notio
569 1991 723 2015 univers·1lis
752 1992 826 2024 (⁷der
846 1992 887 2016 die
902 1992 999 2023 Ewige,
1018 1992 1124 2024 Junge)
1144 1992 1188 2016 vix
1209 1990 1328 2015 convenit
1350 1989 1376 2013 in
1395 1989 1510 2013 homines
1529 1989 1567 2013 ul-

151 2034 230 2058 timae
250 2034 394 2063 memoriae.
434 2035 498 2058 Nam
522 2034 585 2058 haec
609 2044 658 2058 non
687 2039 724 2059 est
756 2036 852 2067 species
881 2036 986 2060 deorum
1016 2035 1264 2067 antiquissimorum,
1284 2042 1349 2065 quae
1369 2033 1434 2056 nihil
1455 2033 1566 2057 concreti

151 2077 256 2107 habeat,
275 2078 340 2102 nihil
361 2078 449 2107 solidi,
469 2077 534 2102 nihil
555 2078 677 2111 expressi.

224 2122 269 2154 Η)
290 2122 350 2146 Dies
369 2123 469 2147 caelum
489 2122 567 2146 etiam
588 2123 727 2154 significat,
748 2131 778 2146 ex
807 2131 846 2153 gr.
867 2122 962 2147 Lucan.
994 2122 1083 2146 l‘hars.
1105 2121 1161 2150 VII,
1183 2120 1246 2145 189:
1276 2120 1324 2145 sub
1343 2126 1498 2150 quocumque
1518 2119 1567 2149 die,

155 2179 178 2181 ψ
202 2165 257 2188 val.
279 2165 362 2189 Flacc.
384 2166 480 2196 Argon.
503 2166 522 2195 Ι,
542 2166 607 2189 845;
627 2168 755 2196 lutumque
770 2174 820 2196 per
842 2173 941 2190 annum
962 2167 1042 2189 ‹lm-at
1066 2166 1159 2194 aprica
1180 2164 1243 2195 (lies,
1267 2166 1295 2186 ut
1326 2171 1338 2186 e
1363 2163 1491 2187 contrario
1511 2172 1567 2187 san-

152 2207 231 2232 scrita
252 2217 309 2237 vox,
330 2217 395 2241 quae
415 2212 453 2233 est
473 2209 568 2240 (lydus,
588 2209 652 2234 diem
673 2209 752 2233 etiam
772 2208 911 2241 significat.
